Time,Ask,Bid,AskVolume,BidVolume
08.04.2013 00:00:00.078,0.84645,0.84630,3.00,1.50
08.04.2013 00:00:00.390,0.84643,0.84630,2.25,1.50
08.04.2013 00:00:00.699,0.84647,0.84630,1.50,1.50
08.04.2013 00:00:01.066,0.84647,0.84630,1.50,2.25
08.04.2013 00:00:01.366,0.84648,0.84632,3.15,1.88
08.04.2013 00:00:02.279,0.84650,0.84633,1.50,1.13
08.04.2013 00:00:02.407,0.84651,0.84634,3.15,1.50
08.04.2013 00:00:02.527,0.84651,0.84635,2.03,1.50
08.04.2013 00:00:02.766,0.84652,0.84636,1.13,1.50
08.04.2013 00:00:03.307,0.84652,0.84639,1.13,1.13
08.04.2013 00:00:04.416,0.84652,0.84639,1.88,1.13
08.04.2013 00:00:05.194,0.84655,0.84639,2.78,1.13
08.04.2013 00:00:05.736,0.84656,0.84639,3.15,1.13
08.04.2013 00:00:05.856,0.84656,0.84639,3.15,1.13
08.04.2013 00:00:06.406,0.84653,0.84640,1.28,2.25
08.04.2013 00:00:06.647,0.84652,0.84637,2.03,1.50
08.04.2013 00:00:07.186,0.84649,0.84635,2.40,2.25
08.04.2013 00:00:11.135,0.84648,0.84634,1.28,2.25
08.04.2013 00:00:11.685,0.84649,0.84636,2.78,2.25
08.04.2013 00:00:12.826,0.84652,0.84636,1.65,3.00
08.04.2013 00:00:12.887,0.84652,0.84636,1.65,3.00
08.04.2013 00:00:13.007,0.84652,0.84638,1.65,2.25
08.04.2013 00:00:13.518,0.84652,0.84638,1.65,2.25
08.04.2013 00:00:16.436,0.84654,0.84639,1.13,2.25
08.04.2013 00:00:17.029,0.84654,0.84639,1.13,3.00
08.04.2013 00:00:20.276,0.84654,0.84638,1.13,2.63
08.04.2013 00:00:28.800,0.84654,0.84638,2.63,1.50
08.04.2013 00:00:29.167,0.84649,0.84638,3.00,1.50
08.04.2013 00:00:29.348,0.84651,0.84635,1.88,1.50
08.04.2013 00:00:29.419,0.84650,0.84635,2.63,1.50
08.04.2013 00:00:29.487,0.84649,0.84635,1.50,1.50
08.04.2013 00:00:30.036,0.84647,0.84635,1.50,1.50
08.04.2013 00:00:30.346,0.84648,0.84632,3.00,1.50
08.04.2013 00:00:30.706,0.84648,0.84631,1.13,1.50
08.04.2013 00:00:30.827,0.84647,0.84632,1.13,1.50
08.04.2013 00:00:31.076,0.84647,0.84632,1.13,3.00
08.04.2013 00:00:32.257,0.84648,0.84631,1.28,3.00
08.04.2013 00:00:32.847,0.84647,0.84633,1.50,1.50
08.04.2013 00:00:33.337,0.84648,0.84633,2.63,1.50
08.04.2013 00:00:34.599,0.84648,0.84633,1.88,1.50
08.04.2013 00:00:34.926,0.84649,0.84634,3.75,3.00
08.04.2013 00:00:35.106,0.84649,0.84634,1.50,3.00
08.04.2013 00:00:35.466,0.84649,0.84635,1.50,1.50
08.04.2013 00:00:35.888,0.84650,0.84635,2.25,1.50
08.04.2013 00:00:36.218,0.84652,0.84635,2.25,1.13
08.04.2013 00:00:37.058,0.84655,0.84638,3.00,1.13
08.04.2013 00:00:39.016,0.84655,0.84638,2.63,1.13
08.04.2013 00:00:39.328,0.84655,0.84638,3.38,1.13
08.04.2013 00:00:39.697,0.84655,0.84638,3.00,1.13
08.04.2013 00:00:40.129,0.84653,0.84638,1.50,1.13
08.04.2013 00:00:40.318,0.84652,0.84636,1.50,1.88
08.04.2013 00:00:40.867,0.84651,0.84637,2.25,1.50
08.04.2013 00:00:41.437,0.84650,0.84635,1.50,3.00
08.04.2013 00:00:42.519,0.84650,0.84634,1.50,1.50
08.04.2013 00:00:46.978,0.84652,0.84635,2.63,1.50
08.04.2013 00:00:47.251,0.84652,0.84635,3.38,1.50
08.04.2013 00:00:47.498,0.84649,0.84634,1.50,2.25
08.04.2013 00:00:47.700,0.84648,0.84632,2.25,2.25
08.04.2013 00:00:47.952,0.84646,0.84630,3.00,2.63
08.04.2013 00:00:48.079,0.84645,0.84628,1.88,1.50
08.04.2013 00:00:48.461,0.84643,0.84627,1.50,2.25
08.04.2013 00:00:48.947,0.84643,0.84627,2.25,1.50
08.04.2013 00:00:49.547,0.84643,0.84627,2.25,1.50
08.04.2013 00:00:49.691,0.84643,0.84630,1.50,1.50
08.04.2013 00:00:50.057,0.84645,0.84632,1.50,1.50
08.04.2013 00:00:50.607,0.84646,0.84632,2.63,1.50
08.04.2013 00:00:50.787,0.84645,0.84628,1.13,1.50
08.04.2013 00:00:51.160,0.84645,0.84628,1.13,1.50
08.04.2013 00:00:51.710,0.84643,0.84629,1.50,1.50
08.04.2013 00:00:52.257,0.84645,0.84630,1.50,1.50
08.04.2013 00:00:52.809,0.84644,0.84630,1.50,1.50
08.04.2013 00:00:54.427,0.84645,0.84630,1.50,1.50
08.04.2013 00:00:55.348,0.84645,0.84630,1.50,1.50
08.04.2013 00:00:56.526,0.84648,0.84632,2.25,1.50
08.04.2013 00:00:56.729,0.84648,0.84632,1.50,1.50
08.04.2013 00:00:58.154,0.84647,0.84631,1.50,1.88
08.04.2013 00:00:58.917,0.84647,0.84632,1.50,2.25
08.04.2013 00:01:00.318,0.84648,0.84632,1.13,2.25
08.04.2013 00:01:00.630,0.84648,0.84633,1.13,3.00
08.04.2013 00:01:01.237,0.84651,0.84636,1.88,1.13
08.04.2013 00:01:04.368,0.84651,0.84636,1.88,1.50
08.04.2013 00:01:12.300,0.84651,0.84636,1.50,1.50
08.04.2013 00:01:15.377,0.84651,0.84635,1.50,1.50
08.04.2013 00:01:17.887,0.84649,0.84635,1.50,1.88
08.04.2013 00:01:18.388,0.84648,0.84633,1.50,1.50
08.04.2013 00:01:23.348,0.84651,0.84635,1.50,1.50
08.04.2013 00:01:24.984,0.84651,0.84636,1.50,1.50
08.04.2013 00:01:25.287,0.84652,0.84636,1.88,1.50
08.04.2013 00:01:26.917,0.84652,0.84636,1.50,3.75
08.04.2013 00:01:27.227,0.84653,0.84637,2.03,1.50
08.04.2013 00:01:29.396,0.84653,0.84638,1.50,1.50
08.04.2013 00:01:30.389,0.84654,0.84638,1.50,1.50
08.04.2013 00:01:30.758,0.84656,0.84639,1.88,1.50
08.04.2013 00:01:41.261,0.84658,0.84643,1.88,1.50
08.04.2013 00:01:41.390,0.84657,0.84643,1.13,1.50
08.04.2013 00:01:41.708,0.84658,0.84645,1.88,1.50
08.04.2013 00:01:42.078,0.84661,0.84646,1.50,1.50
08.04.2013 00:01:44.054,0.84662,0.84646,3.53,1.50
08.04.2013 00:01:44.133,0.84663,0.84647,1.65,1.50
08.04.2013 00:01:44.389,0.84666,0.84650,1.65,1.50
08.04.2013 00:01:44.458,0.84665,0.84650,2.40,1.50
08.04.2013 00:01:46.493,0.84665,0.84650,2.03,1.50
08.04.2013 00:01:51.162,0.84666,0.84650,1.65,1.50
08.04.2013 00:01:54.836,0.84665,0.84650,2.03,1.50
08.04.2013 00:01:56.168,0.84664,0.84650,1.13,1.50
08.04.2013 00:01:58.350,0.84667,0.84653,1.50,1.50
08.04.2013 00:01:58.703,0.84668,0.84655,1.13,1.50
08.04.2013 00:01:59.168,0.84669,0.84654,1.88,1.50
08.04.2013 00:01:59.419,0.84669,0.84656,1.88,1.50
08.04.2013 00:02:00.351,0.84670,0.84655,2.25,1.50
08.04.2013 00:02:00.887,0.84670,0.84655,2.25,1.50
08.04.2013 00:02:03.397,0.84670,0.84655,1.50,2.25
08.04.2013 00:02:03.710,0.84670,0.84655,1.50,3.00
08.04.2013 00:02:04.199,0.84672,0.84659,2.25,1.50
08.04.2013 00:02:04.748,0.84672,0.84659,1.50,1.50
08.04.2013 00:02:05.315,0.84674,0.84658,1.13,1.50
08.04.2013 00:02:06.438,0.84674,0.84658,1.13,2.25
08.04.2013 00:02:06.637,0.84674,0.84658,1.28,2.25
08.04.2013 00:02:07.358,0.84673,0.84656,1.88,1.50
08.04.2013 00:02:07.917,0.84673,0.84656,2.63,1.50
08.04.2013 00:02:10.798,0.84673,0.84656,1.50,1.50
08.04.2013 00:02:11.348,0.84673,0.84657,1.13,1.50
08.04.2013 00:02:11.909,0.84673,0.84657,1.13,1.50
08.04.2013 00:02:15.628,0.84674,0.84657,1.65,2.25
08.04.2013 00:02:16.120,0.84671,0.84656,2.03,1.50
08.04.2013 00:02:16.610,0.84671,0.84655,2.03,2.25
08.04.2013 00:02:16.799,0.84667,0.84655,1.50,1.50
08.04.2013 00:02:16.869,0.84667,0.84653,1.50,2.25
08.04.2013 00:02:19.137,0.84666,0.84653,1.13,3.00
08.04.2013 00:02:20.158,0.84668,0.84653,1.13,3.00
08.04.2013 00:02:21.998,0.84667,0.84653,1.65,2.25
08.04.2013 00:02:23.368,0.84666,0.84651,1.28,1.50
08.04.2013 00:02:24.519,0.84667,0.84651,1.50,1.50
08.04.2013 00:02:24.590,0.84668,0.84653,1.13,1.50
08.04.2013 00:02:25.101,0.84669,0.84654,1.13,1.50
08.04.2013 00:02:25.638,0.84667,0.84654,1.13,1.50
08.04.2013 00:02:25.710,0.84665,0.84650,1.13,1.88
08.04.2013 00:02:25.780,0.84664,0.84650,1.13,1.13
08.04.2013 00:02:26.029,0.84663,0.84648,2.03,1.50
08.04.2013 00:02:26.161,0.84660,0.84646,1.50,1.88
08.04.2013 00:02:26.298,0.84662,0.84646,1.13,2.63
08.04.2013 00:02:26.487,0.84663,0.84646,2.40,1.88
08.04.2013 00:02:26.620,0.84663,0.84647,3.00,1.50
08.04.2013 00:02:26.760,0.84663,0.84649,1.50,1.50
08.04.2013 00:02:27.139,0.84663,0.84648,1.13,2.25
08.04.2013 00:02:27.452,0.84663,0.84648,1.50,1.50
08.04.2013 00:02:28.379,0.84663,0.84647,2.25,1.50
08.04.2013 00:02:29.117,0.84663,0.84648,1.13,1.50
08.04.2013 00:02:29.418,0.84665,0.84649,1.88,1.50
08.04.2013 00:02:29.608,0.84666,0.84650,1.28,1.50
08.04.2013 00:02:29.919,0.84666,0.84650,1.28,1.50
08.04.2013 00:02:30.818,0.84666,0.84651,1.13,1.50
08.04.2013 00:02:31.359,0.84666,0.84652,1.13,1.50
08.04.2013 00:02:31.680,0.84666,0.84652,1.13,1.50
08.04.2013 00:02:32.290,0.84665,0.84651,1.13,1.50
08.04.2013 00:02:33.878,0.84665,0.84648,1.28,2.25
08.04.2013 00:02:33.949,0.84665,0.84652,1.28,1.50
08.04.2013 00:02:34.019,0.84662,0.84649,1.13,1.50
08.04.2013 00:02:34.148,0.84663,0.84652,1.88,1.50
08.04.2013 00:02:34.398,0.84666,0.84650,1.50,3.00
08.04.2013 00:02:34.468,0.84666,0.84650,3.00,3.00
08.04.2013 00:02:35.029,0.84665,0.84652,1.13,1.50
08.04.2013 00:02:35.577,0.84665,0.84651,1.13,1.50
08.04.2013 00:02:36.171,0.84666,0.84651,1.88,1.50
08.04.2013 00:02:36.418,0.84665,0.84649,1.50,2.25
08.04.2013 00:02:36.976,0.84664,0.84649,1.13,1.50
08.04.2013 00:02:37.661,0.84662,0.84647,1.13,1.50
08.04.2013 00:02:37.848,0.84662,0.84646,1.13,2.25
08.04.2013 00:02:39.528,0.84665,0.84646,3.38,2.25
08.04.2013 00:02:40.057,0.84665,0.84647,3.00,2.25
08.04.2013 00:02:40.177,0.84665,0.84647,2.25,2.25
08.04.2013 00:02:40.698,0.84665,0.84648,2.25,1.50
08.04.2013 00:02:41.268,0.84660,0.84648,1.50,1.50
08.04.2013 00:02:42.159,0.84660,0.84649,1.50,1.50
08.04.2013 00:02:42.301,0.84662,0.84650,1.50,1.50
08.04.2013 00:02:42.488,0.84665,0.84650,3.00,1.50
08.04.2013 00:02:43.000,0.84665,0.84650,2.63,1.50
08.04.2013 00:02:43.617,0.84665,0.84652,2.25,1.50
08.04.2013 00:02:44.148,0.84665,0.84652,2.25,1.50
08.04.2013 00:02:44.989,0.84665,0.84652,2.25,1.50
08.04.2013 00:02:45.922,0.84665,0.84653,1.50,1.50
08.04.2013 00:02:46.820,0.84665,0.84651,1.50,3.00
08.04.2013 00:02:47.337,0.84666,0.84651,2.25,1.50
08.04.2013 00:02:47.458,0.84663,0.84650,2.25,3.00
08.04.2013 00:02:47.639,0.84663,0.84650,1.50,2.25
08.04.2013 00:02:47.950,0.84663,0.84650,1.50,2.25
08.04.2013 00:02:48.270,0.84663,0.84650,2.25,2.25
08.04.2013 00:02:48.777,0.84663,0.84650,2.25,2.25
08.04.2013 00:02:56.212,0.84663,0.84648,2.25,2.63
08.04.2013 00:02:56.751,0.84661,0.84648,2.25,1.88
08.04.2013 00:02:57.057,0.84657,0.84647,1.50,1.50
08.04.2013 00:02:57.419,0.84657,0.84648,1.50,1.50
08.04.2013 00:03:00.419,0.84658,0.84648,1.50,1.50
08.04.2013 00:03:00.969,0.84658,0.84645,1.50,1.88
08.04.2013 00:03:01.403,0.84660,0.84646,1.50,1.13
08.04.2013 00:03:01.469,0.84661,0.84646,1.50,1.13
08.04.2013 00:03:01.658,0.84662,0.84647,2.25,1.50
08.04.2013 00:03:01.989,0.84661,0.84646,1.50,1.88
08.04.2013 00:03:02.410,0.84661,0.84648,2.25,1.50
08.04.2013 00:03:02.600,0.84662,0.84650,1.13,1.50
08.04.2013 00:03:02.909,0.84660,0.84649,1.50,1.50
08.04.2013 00:03:03.418,0.84660,0.84650,1.50,1.50
08.04.2013 00:03:05.113,0.84660,0.84650,1.50,2.25
08.04.2013 00:03:05.369,0.84664,0.84650,1.50,2.25
08.04.2013 00:03:05.499,0.84663,0.84650,2.25,2.25
08.04.2013 00:03:09.080,0.84661,0.84650,1.50,1.50
08.04.2013 00:03:12.259,0.84661,0.84649,1.50,1.50
08.04.2013 00:03:13.389,0.84661,0.84649,1.50,2.25
08.04.2013 00:03:14.360,0.84661,0.84649,1.50,2.25
08.04.2013 00:03:17.689,0.84662,0.84649,1.88,1.50
08.04.2013 00:03:18.229,0.84662,0.84649,1.13,1.50
08.04.2013 00:03:24.048,0.84662,0.84649,1.13,2.25
08.04.2013 00:03:24.597,0.84663,0.84651,1.50,2.25
08.04.2013 00:03:26.187,0.84667,0.84651,2.03,2.25
08.04.2013 00:03:27.358,0.84667,0.84651,2.03,1.13
08.04.2013 00:03:28.329,0.84663,0.84650,1.50,2.63
08.04.2013 00:03:28.472,0.84663,0.84650,1.88,1.13
08.04.2013 00:03:28.540,0.84663,0.84648,1.88,3.00
08.04.2013 00:03:28.678,0.84662,0.84648,1.50,3.75
08.04.2013 00:03:28.928,0.84662,0.84648,1.50,3.00
08.04.2013 00:03:30.718,0.84663,0.84647,1.13,2.25
08.04.2013 00:03:31.137,0.84663,0.84647,1.13,2.25
08.04.2013 00:03:31.912,0.84663,0.84647,1.13,3.00
08.04.2013 00:03:31.979,0.84664,0.84649,1.88,2.25
08.04.2013 00:03:32.049,0.84665,0.84655,1.50,1.50
08.04.2013 00:03:32.439,0.84667,0.84655,1.50,1.50
08.04.2013 00:03:32.715,0.84671,0.84657,2.25,1.50
08.04.2013 00:03:32.958,0.84673,0.84658,1.50,1.50
08.04.2013 00:03:34.039,0.84673,0.84658,1.50,1.88
08.04.2013 00:03:34.588,0.84673,0.84658,1.50,1.13
08.04.2013 00:03:35.699,0.84673,0.84658,1.50,1.13
08.04.2013 00:03:35.888,0.84673,0.84659,1.88,1.50
08.04.2013 00:03:36.438,0.84673,0.84659,1.13,1.50
08.04.2013 00:03:36.923,0.84673,0.84658,1.13,1.50
08.04.2013 00:03:38.829,0.84673,0.84659,1.13,1.88
08.04.2013 00:03:39.337,0.84676,0.84659,3.00,2.25
08.04.2013 00:03:39.700,0.84676,0.84663,1.50,1.50
08.04.2013 00:03:39.949,0.84679,0.84663,1.50,1.88
08.04.2013 00:03:41.491,0.84680,0.84666,1.50,1.50
08.04.2013 00:03:42.058,0.84680,0.84663,1.50,3.00
08.04.2013 00:03:42.239,0.84680,0.84665,1.50,1.50
08.04.2013 00:03:42.803,0.84682,0.84666,1.13,1.50
08.04.2013 00:03:43.597,0.84682,0.84666,1.13,1.50
08.04.2013 00:03:45.429,0.84683,0.84668,1.50,1.50
08.04.2013 00:03:45.499,0.84683,0.84668,1.50,1.50
08.04.2013 00:03:45.628,0.84683,0.84668,1.50,1.50
08.04.2013 00:03:47.139,0.84685,0.84671,4.88,1.50
08.04.2013 00:03:47.207,0.84685,0.84671,1.13,1.50
08.04.2013 00:03:47.389,0.84687,0.84672,1.50,1.13
08.04.2013 00:03:47.519,0.84687,0.84674,1.50,1.13
08.04.2013 00:03:47.948,0.84691,0.84675,2.25,1.13
08.04.2013 00:03:48.019,0.84691,0.84676,1.50,1.50
08.04.2013 00:03:49.747,0.84692,0.84676,1.50,1.13
08.04.2013 00:03:55.377,0.84692,0.84676,1.50,1.88
08.04.2013 00:03:55.497,0.84693,0.84677,3.00,1.50
08.04.2013 00:04:00.310,0.84693,0.84678,1.50,2.25
08.04.2013 00:04:00.438,0.84693,0.84677,3.00,1.50
08.04.2013 00:04:00.809,0.84694,0.84677,2.40,1.50
08.04.2013 00:04:00.880,0.84694,0.84679,1.88,1.65
08.04.2013 00:04:01.188,0.84695,0.84682,3.15,1.13
08.04.2013 00:04:01.548,0.84692,0.84679,1.50,1.13
08.04.2013 00:04:01.789,0.84692,0.84676,1.50,1.50
08.04.2013 00:04:01.858,0.84692,0.84679,1.50,1.50
08.04.2013 00:04:02.119,0.84692,0.84679,1.50,1.50
08.04.2013 00:04:02.370,0.84695,0.84678,3.38,4.88
08.04.2013 00:04:02.439,0.84698,0.84682,1.50,4.88
08.04.2013 00:04:02.509,0.84698,0.84683,1.50,2.25
08.04.2013 00:04:03.067,0.84699,0.84683,3.00,1.50
08.04.2013 00:04:03.807,0.84699,0.84683,3.00,2.25
08.04.2013 00:04:04.782,0.84699,0.84684,3.00,1.50
08.04.2013 00:04:06.053,0.84700,0.84683,3.00,1.50
08.04.2013 00:04:06.570,0.84700,0.84683,3.00,2.25
08.04.2013 00:04:08.278,0.84700,0.84684,1.50,1.13
08.04.2013 00:04:08.839,0.84699,0.84683,1.50,2.25
08.04.2013 00:04:09.389,0.84699,0.84683,1.50,2.25
08.04.2013 00:04:16.141,0.84700,0.84684,2.78,1.50
08.04.2013 00:04:17.510,0.84702,0.84685,1.88,2.25
08.04.2013 00:04:17.838,0.84702,0.84688,1.88,1.13
08.04.2013 00:04:18.399,0.84702,0.84688,1.50,1.13
08.04.2013 00:04:18.470,0.84703,0.84688,1.50,1.88
08.04.2013 00:04:18.958,0.84702,0.84690,1.50,1.50
08.04.2013 00:04:19.028,0.84703,0.84689,1.50,2.25
08.04.2013 00:04:19.209,0.84705,0.84688,1.88,2.25
08.04.2013 00:04:19.458,0.84705,0.84690,1.13,2.25
08.04.2013 00:04:19.698,0.84705,0.84691,1.50,1.50
08.04.2013 00:04:19.880,0.84707,0.84690,1.88,1.73
08.04.2013 00:04:20.128,0.84708,0.84691,1.13,1.50
08.04.2013 00:04:20.389,0.84708,0.84693,1.13,1.50
08.04.2013 00:04:20.658,0.84708,0.84693,1.13,2.25
08.04.2013 00:04:21.867,0.84708,0.84693,1.13,2.25
08.04.2013 00:04:22.589,0.84712,0.84696,1.13,1.50
08.04.2013 00:04:23.169,0.84714,0.84697,1.50,2.25
08.04.2013 00:04:23.791,0.84713,0.84697,1.50,2.25
08.04.2013 00:04:25.159,0.84713,0.84697,1.50,3.00
08.04.2013 00:04:25.480,0.84715,0.84700,1.13,1.88
08.04.2013 00:04:25.608,0.84715,0.84700,1.13,1.88
08.04.2013 00:04:25.918,0.84715,0.84701,1.13,1.50
08.04.2013 00:04:28.930,0.84717,0.84700,1.13,1.50
08.04.2013 00:04:29.119,0.84716,0.84700,1.50,1.50
08.04.2013 00:04:32.162,0.84717,0.84701,1.50,2.03
08.04.2013 00:04:32.230,0.84717,0.84703,2.82,1.50
08.04.2013 00:04:32.358,0.84717,0.84704,2.82,1.13
08.04.2013 00:04:32.669,0.84717,0.84701,2.07,1.13
08.04.2013 00:04:32.979,0.84717,0.84703,2.07,1.50
08.04.2013 00:04:33.227,0.84717,0.84703,2.07,1.50
08.04.2013 00:04:33.722,0.84716,0.84701,1.50,1.50
08.04.2013 00:04:33.789,0.84716,0.84701,1.50,1.50
08.04.2013 00:04:34.208,0.84718,0.84701,2.25,3.75
08.04.2013 00:04:35.278,0.84718,0.84702,1.88,2.25
08.04.2013 00:04:36.718,0.84721,0.84703,1.50,3.00
08.04.2013 00:04:36.777,0.84721,0.84705,1.50,1.50
08.04.2013 00:04:37.298,0.84721,0.84705,2.25,1.50
08.04.2013 00:04:39.378,0.84721,0.84704,2.25,1.50
08.04.2013 00:04:40.260,0.84719,0.84703,1.65,1.50
08.04.2013 00:04:41.550,0.84715,0.84702,1.50,1.50
08.04.2013 00:04:41.663,0.84715,0.84700,1.50,2.25
08.04.2013 00:04:41.743,0.84715,0.84698,2.25,1.13
08.04.2013 00:04:41.810,0.84714,0.84697,2.25,1.88
08.04.2013 00:04:42.338,0.84711,0.84698,1.50,1.13
08.04.2013 00:04:42.828,0.84710,0.84698,1.50,1.13
08.04.2013 00:04:43.140,0.84712,0.84695,1.50,1.50
08.04.2013 00:04:43.450,0.84711,0.84694,1.50,1.28
08.04.2013 00:04:43.580,0.84710,0.84693,1.50,1.28
08.04.2013 00:04:44.579,0.84709,0.84692,1.65,1.13
08.04.2013 00:04:44.721,0.84708,0.84691,1.65,1.13
08.04.2013 00:04:49.558,0.84707,0.84691,1.50,1.50
08.04.2013 00:04:50.804,0.84707,0.84691,1.88,1.50
08.04.2013 00:04:52.073,0.84706,0.84691,1.50,1.50
08.04.2013 00:04:53.178,0.84706,0.84690,1.50,1.50
08.04.2013 00:04:53.308,0.84707,0.84688,1.50,3.75
08.04.2013 00:04:53.499,0.84705,0.84689,1.13,1.50
08.04.2013 00:04:54.766,0.84704,0.84688,1.13,1.50
08.04.2013 00:04:55.268,0.84704,0.84687,1.13,1.50
08.04.2013 00:04:55.567,0.84703,0.84686,1.13,1.50
08.04.2013 00:04:55.943,0.84701,0.84687,1.13,1.50
08.04.2013 00:04:56.568,0.84701,0.84686,1.13,1.50
08.04.2013 00:04:57.627,0.84701,0.84685,1.13,1.65
08.04.2013 00:04:57.687,0.84699,0.84685,1.13,2.25
08.04.2013 00:04:57.885,0.84695,0.84682,1.50,2.25
08.04.2013 00:04:58.428,0.84695,0.84679,1.50,1.50
08.04.2013 00:04:59.098,0.84694,0.84679,1.50,2.25
08.04.2013 00:04:59.158,0.84694,0.84679,1.50,2.25
08.04.2013 00:04:59.709,0.84693,0.84678,2.25,1.50
08.04.2013 00:04:59.960,0.84693,0.84678,2.25,1.50
08.04.2013 00:05:00.098,0.84693,0.84678,1.50,1.50
08.04.2013 00:05:03.408,0.84697,0.84680,1.88,1.50
08.04.2013 00:05:03.469,0.84697,0.84680,1.50,1.50
08.04.2013 00:05:04.218,0.84698,0.84681,1.88,1.50
08.04.2013 00:05:04.409,0.84695,0.84681,1.50,2.25
08.04.2013 00:05:05.283,0.84698,0.84682,1.50,1.50
08.04.2013 00:05:05.819,0.84698,0.84681,1.50,2.25
08.04.2013 00:05:06.338,0.84698,0.84682,1.50,1.50
08.04.2013 00:05:06.588,0.84698,0.84684,1.50,2.25
08.04.2013 00:05:06.830,0.84698,0.84684,1.50,2.25
08.04.2013 00:05:07.162,0.84697,0.84684,1.50,1.50
08.04.2013 00:05:07.408,0.84696,0.84683,1.50,2.25
08.04.2013 00:05:07.899,0.84694,0.84681,1.50,1.50
08.04.2013 00:05:10.928,0.84692,0.84679,1.50,1.50
08.04.2013 00:05:11.108,0.84692,0.84679,1.50,1.50
08.04.2013 00:05:11.895,0.84694,0.84678,1.50,2.25
08.04.2013 00:05:14.437,0.84696,0.84679,1.88,2.25
08.04.2013 00:05:14.498,0.84696,0.84680,1.88,1.50
08.04.2013 00:05:14.678,0.84696,0.84682,1.13,1.35
08.04.2013 00:05:15.889,0.84697,0.84684,1.50,1.50
08.04.2013 00:05:17.258,0.84697,0.84681,1.50,3.00
08.04.2013 00:05:20.489,0.84697,0.84684,1.50,1.50
08.04.2013 00:05:22.202,0.84697,0.84682,2.25,2.25
08.04.2013 00:05:22.509,0.84696,0.84682,2.63,1.50
08.04.2013 00:05:23.029,0.84693,0.84678,1.50,5.25
08.04.2013 00:05:23.217,0.84695,0.84679,1.50,1.50
08.04.2013 00:05:23.349,0.84696,0.84678,3.00,3.90
08.04.2013 00:05:23.658,0.84697,0.84681,1.28,2.25
08.04.2013 00:05:23.778,0.84697,0.84681,1.28,1.50
08.04.2013 00:05:23.899,0.84699,0.84684,2.25,1.50
08.04.2013 00:05:24.449,0.84698,0.84684,1.50,1.50
08.04.2013 00:05:24.698,0.84698,0.84684,1.50,1.50
08.04.2013 00:05:25.890,0.84698,0.84684,1.50,1.50
08.04.2013 00:05:26.849,0.84698,0.84684,1.50,1.50
08.04.2013 00:05:27.733,0.84698,0.84685,1.50,1.50
08.04.2013 00:05:28.543,0.84698,0.84685,1.50,2.25
08.04.2013 00:05:28.742,0.84698,0.84685,1.50,2.25
08.04.2013 00:05:32.638,0.84698,0.84685,2.25,1.50
08.04.2013 00:05:35.961,0.84698,0.84686,2.25,1.13
08.04.2013 00:05:36.519,0.84698,0.84686,1.50,1.88
08.04.2013 00:05:37.187,0.84698,0.84686,1.50,1.50
08.04.2013 00:05:40.959,0.84698,0.84684,1.50,2.25
08.04.2013 00:05:41.268,0.84696,0.84684,2.25,1.50
08.04.2013 00:05:47.030,0.84696,0.84685,1.50,1.50
08.04.2013 00:05:47.578,0.84696,0.84686,1.50,1.50
08.04.2013 00:05:48.120,0.84696,0.84686,1.50,1.50
08.04.2013 00:05:50.477,0.84696,0.84683,1.50,1.88
08.04.2013 00:05:51.017,0.84696,0.84683,2.25,1.88
08.04.2013 00:05:53.198,0.84696,0.84683,1.50,1.88
08.04.2013 00:05:53.627,0.84696,0.84683,1.50,1.88
08.04.2013 00:05:54.167,0.84696,0.84683,1.50,1.88
08.04.2013 00:05:55.236,0.84698,0.84683,1.50,1.88
08.04.2013 00:05:55.356,0.84698,0.84683,1.50,1.88
08.04.2013 00:05:57.337,0.84698,0.84683,1.50,1.88
08.04.2013 00:05:58.193,0.84698,0.84685,1.50,1.50
08.04.2013 00:05:58.697,0.84698,0.84686,1.50,1.50
08.04.2013 00:05:59.237,0.84699,0.84686,1.50,1.50
08.04.2013 00:06:03.159,0.84700,0.84685,2.25,1.50
08.04.2013 00:06:03.238,0.84700,0.84686,1.50,1.50
08.04.2013 00:06:03.431,0.84702,0.84686,1.88,1.50
08.04.2013 00:06:03.498,0.84702,0.84687,1.88,1.50
08.04.2013 00:06:03.628,0.84703,0.84688,1.13,1.50
08.04.2013 00:06:03.699,0.84703,0.84688,1.88,1.50
08.04.2013 00:06:04.009,0.84702,0.84689,1.13,1.50
08.04.2013 00:06:06.047,0.84704,0.84688,1.50,1.50
08.04.2013 00:06:06.598,0.84704,0.84689,1.50,1.50
08.04.2013 00:06:06.840,0.84706,0.84688,2.25,1.50
08.04.2013 00:06:06.908,0.84705,0.84690,1.50,1.50
08.04.2013 00:06:06.979,0.84706,0.84691,1.50,1.50
08.04.2013 00:06:07.228,0.84709,0.84694,1.50,1.50
08.04.2013 00:06:07.587,0.84709,0.84692,1.50,1.50
08.04.2013 00:06:09.898,0.84708,0.84691,2.25,1.50
08.04.2013 00:06:12.619,0.84706,0.84689,2.25,1.65
08.04.2013 00:06:13.176,0.84706,0.84693,2.25,1.50
08.04.2013 00:06:13.315,0.84703,0.84690,1.50,1.50
08.04.2013 00:06:13.394,0.84703,0.84689,1.50,1.50
08.04.2013 00:06:13.465,0.84703,0.84690,1.50,1.50
08.04.2013 00:06:14.188,0.84704,0.84691,1.50,2.25
08.04.2013 00:06:14.499,0.84707,0.84691,1.13,1.50
08.04.2013 00:06:14.568,0.84707,0.84691,1.13,2.25
08.04.2013 00:06:15.118,0.84707,0.84694,1.13,1.50
08.04.2013 00:06:15.669,0.84707,0.84694,1.13,1.50
08.04.2013 00:06:16.170,0.84707,0.84692,1.13,1.50
08.04.2013 00:06:16.299,0.84707,0.84692,1.13,1.50
08.04.2013 00:06:16.850,0.84707,0.84692,3.00,1.50
08.04.2013 00:06:17.687,0.84707,0.84692,3.00,1.50
08.04.2013 00:06:20.061,0.84707,0.84692,3.75,1.50
08.04.2013 00:06:20.130,0.84705,0.84693,1.13,1.50
08.04.2013 00:06:20.438,0.84708,0.84693,1.50,1.50
08.04.2013 00:06:20.797,0.84709,0.84693,1.50,1.50
08.04.2013 00:06:22.082,0.84710,0.84693,1.50,1.88
08.04.2013 00:06:22.389,0.84713,0.84697,1.50,1.88
08.04.2013 00:06:22.519,0.84711,0.84697,1.13,1.50
08.04.2013 00:06:22.838,0.84711,0.84697,1.88,1.50
08.04.2013 00:06:23.089,0.84708,0.84696,1.13,1.50
08.04.2013 00:06:23.404,0.84706,0.84693,1.50,1.50
08.04.2013 00:06:23.613,0.84706,0.84693,1.50,1.50
08.04.2013 00:06:24.291,0.84708,0.84693,1.13,1.50
08.04.2013 00:06:24.419,0.84708,0.84693,1.88,1.50
08.04.2013 00:06:24.740,0.84705,0.84693,1.50,1.50
08.04.2013 00:06:24.870,0.84705,0.84693,2.25,1.50
08.04.2013 00:06:25.381,0.84705,0.84693,1.50,1.50
08.04.2013 00:06:25.940,0.84705,0.84693,1.50,1.50
08.04.2013 00:06:26.131,0.84705,0.84693,1.50,1.50
08.04.2013 00:06:28.018,0.84705,0.84691,1.50,1.50
08.04.2013 00:06:29.185,0.84705,0.84691,1.50,1.50
08.04.2013 00:06:29.310,0.84705,0.84692,1.50,1.50
08.04.2013 00:06:29.841,0.84705,0.84694,1.50,1.50
08.04.2013 00:06:30.099,0.84704,0.84691,1.13,1.50
08.04.2013 00:06:34.147,0.84702,0.84689,2.25,2.25
08.04.2013 00:06:34.739,0.84702,0.84689,2.25,1.50
08.04.2013 00:06:35.255,0.84702,0.84689,2.25,1.50
08.04.2013 00:06:36.798,0.84701,0.84688,1.50,3.00
08.04.2013 00:06:41.269,0.84701,0.84688,1.88,3.00
08.04.2013 00:06:42.590,0.84702,0.84690,1.50,1.50
08.04.2013 00:06:42.898,0.84704,0.84691,1.88,1.50
08.04.2013 00:06:43.160,0.84704,0.84691,1.13,1.50
08.04.2013 00:06:46.191,0.84707,0.84692,1.13,1.50
08.04.2013 00:06:46.323,0.84708,0.84692,1.50,2.25
08.04.2013 00:06:46.448,0.84710,0.84693,1.88,1.50
08.04.2013 00:06:46.998,0.84709,0.84695,1.13,2.25
08.04.2013 00:06:53.119,0.84710,0.84695,1.50,1.50
08.04.2013 00:06:53.683,0.84710,0.84693,2.25,2.63
08.04.2013 00:06:55.089,0.84710,0.84693,1.13,3.15
08.04.2013 00:06:55.219,0.84709,0.84695,1.50,1.50
08.04.2013 00:06:55.409,0.84710,0.84695,2.25,2.25
08.04.2013 00:06:55.479,0.84710,0.84696,1.13,1.50
08.04.2013 00:06:55.549,0.84710,0.84696,1.88,1.50
08.04.2013 00:06:55.689,0.84710,0.84696,1.13,1.50
08.04.2013 00:06:55.819,0.84710,0.84696,1.13,1.50
08.04.2013 00:06:56.659,0.84711,0.84696,1.88,1.50
08.04.2013 00:06:56.788,0.84712,0.84696,1.88,1.50
08.04.2013 00:06:57.323,0.84712,0.84698,1.50,1.50
08.04.2013 00:06:59.848,0.84713,0.84698,1.13,1.50
08.04.2013 00:07:00.210,0.84715,0.84697,2.63,2.63
08.04.2013 00:07:00.338,0.84715,0.84698,1.88,1.50
08.04.2013 00:07:00.890,0.84714,0.84699,1.88,1.50
08.04.2013 00:07:02.359,0.84714,0.84699,1.88,1.50
08.04.2013 00:07:03.039,0.84714,0.84699,1.88,1.50
08.04.2013 00:07:03.168,0.84714,0.84699,1.88,1.50
08.04.2013 00:07:03.708,0.84714,0.84699,1.88,1.50
08.04.2013 00:07:04.017,0.84715,0.84700,1.50,1.50
08.04.2013 00:07:04.560,0.84714,0.84702,1.13,1.50
08.04.2013 00:07:05.621,0.84717,0.84704,1.13,1.50
08.04.2013 00:07:05.871,0.84717,0.84704,1.13,1.50
08.04.2013 00:07:06.060,0.84714,0.84700,1.50,2.25
08.04.2013 00:07:06.622,0.84713,0.84700,1.13,2.25
08.04.2013 00:07:07.185,0.84716,0.84702,2.25,1.50
08.04.2013 00:07:09.282,0.84716,0.84702,2.25,1.50
08.04.2013 00:07:09.877,0.84715,0.84702,1.50,1.50
08.04.2013 00:07:11.718,0.84715,0.84702,1.88,1.50
08.04.2013 00:07:13.119,0.84714,0.84699,1.88,1.50
08.04.2013 00:07:13.681,0.84713,0.84699,2.25,2.25
08.04.2013 00:07:14.230,0.84713,0.84698,2.25,2.25
08.04.2013 00:07:14.769,0.84713,0.84698,2.25,1.50
08.04.2013 00:07:15.559,0.84713,0.84698,1.50,1.50
08.04.2013 00:07:16.789,0.84713,0.84698,1.13,1.50
08.04.2013 00:07:17.343,0.84714,0.84699,3.00,1.50
08.04.2013 00:07:17.939,0.84713,0.84698,1.88,1.50
08.04.2013 00:07:18.587,0.84713,0.84698,1.88,2.25
08.04.2013 00:07:19.946,0.84713,0.84698,1.88,2.25
08.04.2013 00:07:21.729,0.84713,0.84698,1.88,2.25
08.04.2013 00:07:24.719,0.84713,0.84698,1.50,2.25
08.04.2013 00:07:25.828,0.84713,0.84698,1.50,2.25
08.04.2013 00:07:26.190,0.84711,0.84698,1.50,1.50
08.04.2013 00:07:26.500,0.84708,0.84694,1.13,1.50
08.04.2013 00:07:27.170,0.84705,0.84693,1.50,1.50
08.04.2013 00:07:27.240,0.84702,0.84691,1.50,1.50
08.04.2013 00:07:27.510,0.84700,0.84687,1.50,2.25
08.04.2013 00:07:27.700,0.84700,0.84687,1.50,2.25
08.04.2013 00:07:27.828,0.84700,0.84687,2.25,2.25
08.04.2013 00:07:29.879,0.84698,0.84687,1.50,1.50
08.04.2013 00:07:30.129,0.84697,0.84687,1.50,1.50
08.04.2013 00:07:30.201,0.84695,0.84683,1.50,3.00
08.04.2013 00:07:30.450,0.84696,0.84683,1.50,3.00
08.04.2013 00:07:32.463,0.84696,0.84683,1.88,1.50
08.04.2013 00:07:32.708,0.84695,0.84683,1.50,1.50
08.04.2013 00:07:36.038,0.84694,0.84679,1.50,2.25
08.04.2013 00:07:36.109,0.84692,0.84677,1.13,1.88
08.04.2013 00:07:36.419,0.84691,0.84677,1.88,1.13
08.04.2013 00:07:36.970,0.84689,0.84675,1.50,1.50
08.04.2013 00:07:37.040,0.84689,0.84675,1.50,1.50
08.04.2013 00:07:38.398,0.84688,0.84673,1.50,2.25
08.04.2013 00:07:38.760,0.84687,0.84673,1.50,2.25
08.04.2013 00:07:38.828,0.84687,0.84673,1.50,2.25
08.04.2013 00:07:39.141,0.84688,0.84673,2.25,2.25
08.04.2013 00:07:39.687,0.84687,0.84673,1.50,2.25
08.04.2013 00:07:40.917,0.84686,0.84670,1.50,2.63
08.04.2013 00:07:41.099,0.84684,0.84670,1.13,1.88
08.04.2013 00:07:41.298,0.84683,0.84668,1.88,3.00
08.04.2013 00:07:41.539,0.84682,0.84665,2.25,1.50
08.04.2013 00:07:41.859,0.84680,0.84664,1.50,2.25
08.04.2013 00:07:42.168,0.84680,0.84663,1.50,1.13
08.04.2013 00:07:43.216,0.84680,0.84663,1.88,1.13
08.04.2013 00:07:43.938,0.84675,0.84662,1.50,1.88
08.04.2013 00:07:44.479,0.84675,0.84660,1.50,1.88
08.04.2013 00:07:46.059,0.84675,0.84659,1.50,3.00
08.04.2013 00:07:53.449,0.84674,0.84659,1.88,1.50
08.04.2013 00:07:56.256,0.84674,0.84657,2.25,1.13
08.04.2013 00:07:56.816,0.84673,0.84657,1.50,1.13
08.04.2013 00:08:01.808,0.84673,0.84657,1.50,1.50
08.04.2013 00:08:13.639,0.84674,0.84659,1.50,1.13
08.04.2013 00:08:15.678,0.84674,0.84659,1.50,1.88
08.04.2013 00:08:17.486,0.84674,0.84659,1.50,1.88
08.04.2013 00:08:17.669,0.84674,0.84659,1.50,1.88
08.04.2013 00:08:17.859,0.84674,0.84659,1.50,1.88
08.04.2013 00:08:18.849,0.84675,0.84660,1.50,1.50
08.04.2013 00:08:20.398,0.84675,0.84659,1.50,1.13
08.04.2013 00:08:21.193,0.84675,0.84659,1.50,2.25
08.04.2013 00:08:21.678,0.84675,0.84661,1.50,1.50
08.04.2013 00:08:22.219,0.84676,0.84661,1.50,1.50
08.04.2013 00:08:22.658,0.84679,0.84661,2.63,1.50
08.04.2013 00:08:32.178,0.84676,0.84661,1.50,1.88
08.04.2013 00:08:32.709,0.84676,0.84661,1.50,1.13
08.04.2013 00:08:33.169,0.84678,0.84661,1.50,1.13
08.04.2013 00:08:34.008,0.84678,0.84663,1.50,1.50
08.04.2013 00:08:34.320,0.84680,0.84666,1.13,1.50
08.04.2013 00:08:34.390,0.84682,0.84667,1.50,1.28
08.04.2013 00:08:34.459,0.84684,0.84667,1.50,2.03
08.04.2013 00:08:34.660,0.84684,0.84670,1.50,1.50
08.04.2013 00:08:34.929,0.84687,0.84672,1.13,1.50
08.04.2013 00:08:37.600,0.84687,0.84672,1.88,1.50
08.04.2013 00:08:42.451,0.84686,0.84670,1.50,1.88
08.04.2013 00:08:42.959,0.84685,0.84670,1.50,1.13
08.04.2013 00:08:43.460,0.84685,0.84670,1.88,1.88
08.04.2013 00:08:43.769,0.84685,0.84670,1.88,1.88
08.04.2013 00:08:54.718,0.84687,0.84672,1.88,1.50
08.04.2013 00:08:56.220,0.84687,0.84672,1.50,1.88
08.04.2013 00:08:56.469,0.84689,0.84674,2.25,1.50
08.04.2013 00:09:01.978,0.84689,0.84674,2.25,1.50
08.04.2013 00:09:03.443,0.84689,0.84676,1.50,1.50
08.04.2013 00:09:03.999,0.84691,0.84676,1.50,1.50
08.04.2013 00:09:05.340,0.84691,0.84675,1.50,1.50
08.04.2013 00:09:08.950,0.84692,0.84676,1.50,1.50
08.04.2013 00:09:09.033,0.84692,0.84677,1.50,1.50
08.04.2013 00:09:14.012,0.84693,0.84678,1.50,1.50
08.04.2013 00:09:19.591,0.84694,0.84678,1.50,1.13
08.04.2013 00:09:19.669,0.84694,0.84678,2.25,1.50
08.04.2013 00:09:20.223,0.84694,0.84679,1.50,1.50
08.04.2013 00:09:21.224,0.84694,0.84679,1.50,1.50
08.04.2013 00:09:21.409,0.84695,0.84680,2.25,1.50
08.04.2013 00:09:21.918,0.84696,0.84681,1.50,1.50
08.04.2013 00:09:27.710,0.84698,0.84681,1.88,1.50
08.04.2013 00:09:30.899,0.84698,0.84681,1.88,1.50
08.04.2013 00:09:32.319,0.84698,0.84682,1.50,3.00
08.04.2013 00:09:33.755,0.84698,0.84683,1.50,2.25
08.04.2013 00:09:41.220,0.84699,0.84684,1.50,1.50
08.04.2013 00:09:41.291,0.84700,0.84684,1.50,2.25
08.04.2013 00:09:41.898,0.84703,0.84688,1.50,3.75
08.04.2013 00:09:43.071,0.84702,0.84688,1.50,2.25
08.04.2013 00:09:43.701,0.84702,0.84688,1.50,2.25
08.04.2013 00:09:46.028,0.84702,0.84687,1.50,3.00
08.04.2013 00:09:48.181,0.84702,0.84686,1.50,1.50
08.04.2013 00:09:50.188,0.84701,0.84686,1.50,1.50
08.04.2013 00:09:52.059,0.84701,0.84686,1.50,2.63
08.04.2013 00:09:52.392,0.84701,0.84685,1.50,2.63
08.04.2013 00:09:53.858,0.84701,0.84685,1.88,1.50
08.04.2013 00:09:54.857,0.84701,0.84685,1.88,1.50
08.04.2013 00:09:56.308,0.84701,0.84685,1.88,1.50
08.04.2013 00:09:56.688,0.84701,0.84687,1.13,1.50
08.04.2013 00:09:57.200,0.84702,0.84686,2.25,1.50
08.04.2013 00:09:57.528,0.84702,0.84686,2.25,1.50
08.04.2013 00:10:06.360,0.84702,0.84686,2.25,1.50
08.04.2013 00:10:06.729,0.84702,0.84686,2.25,1.50
08.04.2013 00:10:07.288,0.84702,0.84687,2.25,1.50
08.04.2013 00:10:09.678,0.84700,0.84685,1.50,1.50
08.04.2013 00:10:10.858,0.84700,0.84685,1.50,2.25
08.04.2013 00:10:13.668,0.84701,0.84685,1.13,2.25
08.04.2013 00:10:14.208,0.84701,0.84686,1.13,2.25
08.04.2013 00:10:16.978,0.84701,0.84686,1.50,2.25
08.04.2013 00:10:32.998,0.84704,0.84687,2.63,1.50
08.04.2013 00:10:33.550,0.84703,0.84689,1.50,2.25
08.04.2013 00:10:41.719,0.84707,0.84689,1.50,3.00
08.04.2013 00:10:41.790,0.84707,0.84691,1.50,1.50
08.04.2013 00:10:41.858,0.84706,0.84691,1.50,2.25
08.04.2013 00:10:41.919,0.84707,0.84691,1.50,1.50
08.04.2013 00:10:42.168,0.84707,0.84691,1.50,1.50
08.04.2013 00:10:45.128,0.84709,0.84694,1.88,1.50
08.04.2013 00:10:45.257,0.84709,0.84694,1.50,1.50
08.04.2013 00:10:45.318,0.84710,0.84695,1.50,1.50
08.04.2013 00:10:45.568,0.84712,0.84698,1.50,1.50
08.04.2013 00:10:46.381,0.84712,0.84698,1.50,1.50
08.04.2013 00:10:51.627,0.84714,0.84698,1.88,2.25
08.04.2013 00:10:51.689,0.84717,0.84702,3.00,1.50
08.04.2013 00:10:51.939,0.84718,0.84703,1.13,1.65
08.04.2013 00:10:52.188,0.84718,0.84703,1.50,1.50
08.04.2013 00:10:52.918,0.84721,0.84706,2.25,1.50
08.04.2013 00:10:53.110,0.84718,0.84704,1.13,1.13
08.04.2013 00:10:53.239,0.84718,0.84703,1.13,1.88
08.04.2013 00:10:53.793,0.84717,0.84704,1.50,1.50
08.04.2013 00:10:53.978,0.84721,0.84704,1.88,1.50
08.04.2013 00:11:00.170,0.84721,0.84704,1.50,1.50
08.04.2013 00:11:00.718,0.84719,0.84702,1.88,2.25
08.04.2013 00:11:01.259,0.84717,0.84701,1.50,1.65
08.04.2013 00:11:01.330,0.84717,0.84701,1.50,1.65
08.04.2013 00:11:01.858,0.84717,0.84700,1.50,2.40
08.04.2013 00:11:03.140,0.84719,0.84701,1.50,1.50
08.04.2013 00:11:03.689,0.84717,0.84701,1.50,2.25
08.04.2013 00:11:04.631,0.84717,0.84701,1.50,1.50
08.04.2013 00:11:06.202,0.84715,0.84701,1.50,1.50
08.04.2013 00:11:06.747,0.84715,0.84700,1.50,1.50
08.04.2013 00:11:07.831,0.84714,0.84700,1.50,1.50
08.04.2013 00:11:07.900,0.84714,0.84699,1.50,1.88
08.04.2013 00:11:08.209,0.84711,0.84696,1.50,3.38
08.04.2013 00:11:08.819,0.84713,0.84697,1.50,1.88
08.04.2013 00:11:09.808,0.84713,0.84698,2.25,1.50
08.04.2013 00:11:10.271,0.84712,0.84697,1.50,1.88
08.04.2013 00:11:11.193,0.84711,0.84697,1.50,1.13
08.04.2013 00:11:11.748,0.84711,0.84696,1.50,1.50
08.04.2013 00:11:12.498,0.84711,0.84696,1.50,1.50
08.04.2013 00:11:13.121,0.84713,0.84696,2.25,1.50
08.04.2013 00:11:13.659,0.84711,0.84694,1.88,1.88
08.04.2013 00:11:13.789,0.84710,0.84694,1.13,1.50
08.04.2013 00:11:13.919,0.84710,0.84694,1.50,1.50
08.04.2013 00:11:14.469,0.84707,0.84692,1.88,1.50
08.04.2013 00:11:15.018,0.84706,0.84691,1.88,1.50
08.04.2013 00:11:17.671,0.84705,0.84691,1.50,1.50
08.04.2013 00:11:18.229,0.84703,0.84690,1.13,1.50
08.04.2013 00:11:18.483,0.84702,0.84688,1.50,1.13
08.04.2013 00:11:18.610,0.84704,0.84688,2.63,1.13
08.04.2013 00:11:18.921,0.84705,0.84690,2.25,1.50
08.04.2013 00:11:23.934,0.84705,0.84690,1.50,1.50
08.04.2013 00:11:36.730,0.84705,0.84689,2.25,1.50
08.04.2013 00:11:37.158,0.84704,0.84688,1.50,1.88
08.04.2013 00:11:51.599,0.84701,0.84686,1.50,1.50
08.04.2013 00:11:53.012,0.84702,0.84687,2.25,1.50
08.04.2013 00:11:59.750,0.84702,0.84688,2.25,1.50
08.04.2013 00:12:00.310,0.84703,0.84688,1.50,1.50
08.04.2013 00:12:00.445,0.84703,0.84690,1.50,1.50
08.04.2013 00:12:00.990,0.84703,0.84689,1.50,1.50
08.04.2013 00:12:01.701,0.84703,0.84689,1.50,1.50
08.04.2013 00:12:01.958,0.84702,0.84688,1.50,1.50
08.04.2013 00:12:02.429,0.84703,0.84689,1.50,1.50
08.04.2013 00:12:02.679,0.84703,0.84689,1.50,1.50
08.04.2013 00:12:03.933,0.84704,0.84689,2.25,1.50
08.04.2013 00:12:04.478,0.84704,0.84690,2.25,1.50
08.04.2013 00:12:05.019,0.84706,0.84691,1.50,1.50
08.04.2013 00:12:05.210,0.84706,0.84693,1.50,1.50
08.04.2013 00:12:09.679,0.84708,0.84693,1.88,1.50
08.04.2013 00:12:09.989,0.84709,0.84695,1.13,1.50
08.04.2013 00:12:10.239,0.84711,0.84695,1.13,1.50
08.04.2013 00:12:10.368,0.84711,0.84695,1.13,1.50
08.04.2013 00:12:10.909,0.84711,0.84696,1.13,1.50
08.04.2013 00:12:25.399,0.84713,0.84698,1.50,1.50
08.04.2013 00:12:26.403,0.84713,0.84696,2.40,1.13
08.04.2013 00:12:26.591,0.84710,0.84695,1.50,2.63
08.04.2013 00:12:26.659,0.84710,0.84695,1.50,2.63
08.04.2013 00:12:26.969,0.84710,0.84693,1.88,1.50
08.04.2013 00:12:27.278,0.84710,0.84692,3.38,1.50
08.04.2013 00:12:28.428,0.84708,0.84691,1.50,1.50
08.04.2013 00:12:28.988,0.84708,0.84691,1.50,2.25
08.04.2013 00:12:31.691,0.84708,0.84691,1.50,2.25
08.04.2013 00:12:32.760,0.84706,0.84691,1.50,2.25
08.04.2013 00:12:33.132,0.84705,0.84691,1.50,1.50
08.04.2013 00:12:33.378,0.84705,0.84691,1.50,1.50
08.04.2013 00:12:34.708,0.84705,0.84691,2.25,1.50
08.04.2013 00:12:37.910,0.84706,0.84691,1.13,1.50
08.04.2013 00:12:38.057,0.84710,0.84693,3.75,1.50
08.04.2013 00:12:38.194,0.84710,0.84694,3.00,1.50
08.04.2013 00:12:38.401,0.84708,0.84693,1.13,1.50
08.04.2013 00:12:38.468,0.84707,0.84692,1.50,2.25
08.04.2013 00:12:39.009,0.84708,0.84692,1.50,1.50
08.04.2013 00:12:42.229,0.84708,0.84691,2.25,1.50
08.04.2013 00:12:45.930,0.84706,0.84691,1.88,1.50
08.04.2013 00:12:48.539,0.84706,0.84691,2.63,1.50
08.04.2013 00:12:49.070,0.84705,0.84691,1.13,1.50
08.04.2013 00:12:54.970,0.84704,0.84689,1.13,1.50
08.04.2013 00:12:55.518,0.84704,0.84690,1.88,1.50
08.04.2013 00:12:57.420,0.84704,0.84689,1.13,1.50
08.04.2013 00:13:00.430,0.84704,0.84687,2.63,2.03
08.04.2013 00:13:00.740,0.84704,0.84689,1.50,1.50
08.04.2013 00:13:01.284,0.84706,0.84690,1.88,1.50
08.04.2013 00:13:03.032,0.84706,0.84691,1.88,1.50
08.04.2013 00:13:03.569,0.84707,0.84692,1.50,2.25
08.04.2013 00:13:04.120,0.84707,0.84692,1.13,2.25
08.04.2013 00:13:04.322,0.84706,0.84692,1.13,1.50
08.04.2013 00:13:04.866,0.84707,0.84691,3.38,1.50
08.04.2013 00:13:06.088,0.84707,0.84692,3.38,1.50
08.04.2013 00:13:07.588,0.84707,0.84692,1.50,1.50
08.04.2013 00:13:11.730,0.84707,0.84693,1.50,1.50
08.04.2013 00:13:12.399,0.84708,0.84694,1.13,1.50
08.04.2013 00:13:13.949,0.84708,0.84693,2.25,1.50
08.04.2013 00:13:14.498,0.84706,0.84692,1.50,1.50
08.04.2013 00:13:15.041,0.84708,0.84692,1.13,1.50
08.04.2013 00:13:15.112,0.84708,0.84694,1.13,1.50
08.04.2013 00:13:15.360,0.84709,0.84695,1.13,1.50
08.04.2013 00:13:18.188,0.84709,0.84694,1.13,1.50
08.04.2013 00:13:18.429,0.84707,0.84692,1.50,2.25
08.04.2013 00:13:20.832,0.84706,0.84692,1.50,1.50
08.04.2013 00:13:22.809,0.84705,0.84691,1.13,1.50
08.04.2013 00:13:22.940,0.84703,0.84689,1.50,1.50
08.04.2013 00:13:23.271,0.84702,0.84687,1.50,1.50
08.04.2013 00:13:23.342,0.84702,0.84686,5.25,1.13
08.04.2013 00:13:23.539,0.84699,0.84684,2.25,1.50
08.04.2013 00:13:24.091,0.84699,0.84686,1.50,1.50
08.04.2013 00:13:31.362,0.84699,0.84684,1.50,1.50
08.04.2013 00:13:39.888,0.84699,0.84684,1.50,1.50
08.04.2013 00:13:54.260,0.84700,0.84686,1.50,1.50
08.04.2013 00:13:55.037,0.84701,0.84687,1.50,1.50
08.04.2013 00:13:56.091,0.84702,0.84687,1.50,1.50
08.04.2013 00:13:56.830,0.84701,0.84686,1.50,2.25
08.04.2013 00:13:57.380,0.84702,0.84686,1.50,1.50
08.04.2013 00:13:57.751,0.84702,0.84688,2.25,1.50
08.04.2013 00:13:59.062,0.84702,0.84689,2.25,1.50
08.04.2013 00:13:59.190,0.84704,0.84689,1.50,1.50
08.04.2013 00:13:59.621,0.84704,0.84691,1.50,1.50
08.04.2013 00:14:00.411,0.84706,0.84690,1.50,1.50
08.04.2013 00:14:00.480,0.84706,0.84691,1.50,1.50
08.04.2013 00:14:03.913,0.84706,0.84691,1.50,1.50
08.04.2013 00:14:04.114,0.84704,0.84689,1.50,2.25
08.04.2013 00:14:05.271,0.84703,0.84688,1.50,3.00
08.04.2013 00:14:05.989,0.84700,0.84686,1.50,1.50
08.04.2013 00:14:06.311,0.84699,0.84684,1.50,1.50
08.04.2013 00:14:06.740,0.84696,0.84682,2.63,1.50
08.04.2013 00:14:06.815,0.84694,0.84680,1.50,1.50
08.04.2013 00:14:06.951,0.84694,0.84679,2.25,2.25
08.04.2013 00:14:07.141,0.84694,0.84679,1.50,1.50
08.04.2013 00:14:07.209,0.84694,0.84679,1.50,1.50
08.04.2013 00:14:07.750,0.84697,0.84681,3.00,1.50
08.04.2013 00:14:08.080,0.84698,0.84682,1.50,2.25
08.04.2013 00:14:10.309,0.84698,0.84683,1.13,1.50
08.04.2013 00:14:10.488,0.84696,0.84683,2.25,1.50
08.04.2013 00:14:10.551,0.84696,0.84683,2.25,1.50
08.04.2013 00:14:10.619,0.84697,0.84683,1.13,1.50
08.04.2013 00:14:10.681,0.84699,0.84684,2.63,2.25
08.04.2013 00:14:10.869,0.84699,0.84684,1.88,1.50
08.04.2013 00:14:11.410,0.84699,0.84684,1.88,2.25
08.04.2013 00:14:12.505,0.84699,0.84684,1.50,2.25
08.04.2013 00:14:14.484,0.84698,0.84684,1.50,2.25
08.04.2013 00:14:14.994,0.84697,0.84682,1.88,1.50
08.04.2013 00:14:15.538,0.84697,0.84681,3.38,1.50
08.04.2013 00:14:18.289,0.84698,0.84681,3.38,1.50
08.04.2013 00:14:18.835,0.84696,0.84681,1.50,1.50
08.04.2013 00:14:19.941,0.84695,0.84681,1.50,1.50
08.04.2013 00:14:20.071,0.84695,0.84681,1.50,1.50
08.04.2013 00:14:20.629,0.84695,0.84678,2.25,2.63
08.04.2013 00:14:20.760,0.84695,0.84678,1.50,2.63
08.04.2013 00:14:22.139,0.84697,0.84679,1.88,1.50
08.04.2013 00:14:22.659,0.84697,0.84679,1.88,1.50
08.04.2013 00:14:24.252,0.84695,0.84679,1.50,2.25
08.04.2013 00:14:24.501,0.84693,0.84677,1.50,1.50
08.04.2013 00:14:24.929,0.84691,0.84677,1.50,1.50
08.04.2013 00:14:25.240,0.84691,0.84678,1.50,1.50
08.04.2013 00:14:25.790,0.84692,0.84676,1.50,2.25
08.04.2013 00:14:26.589,0.84692,0.84676,1.50,2.25
08.04.2013 00:14:27.019,0.84692,0.84676,1.50,2.25
08.04.2013 00:14:27.559,0.84692,0.84677,1.88,1.50
08.04.2013 00:14:28.110,0.84691,0.84676,1.50,1.50
08.04.2013 00:14:29.149,0.84691,0.84675,2.25,1.50
08.04.2013 00:14:29.890,0.84692,0.84676,1.50,1.50
08.04.2013 00:14:30.448,0.84692,0.84677,2.25,1.50
08.04.2013 00:14:30.950,0.84692,0.84677,2.25,1.50
08.04.2013 00:14:33.805,0.84693,0.84679,1.50,2.25
08.04.2013 00:14:34.109,0.84696,0.84682,1.50,1.50
08.04.2013 00:14:34.312,0.84698,0.84682,1.88,1.50
08.04.2013 00:14:34.501,0.84696,0.84681,1.50,1.50
08.04.2013 00:14:34.701,0.84694,0.84679,1.50,2.25
08.04.2013 00:14:34.889,0.84693,0.84678,1.50,2.25
08.04.2013 00:14:35.550,0.84692,0.84677,3.00,1.50
08.04.2013 00:14:37.336,0.84691,0.84675,1.50,2.25
08.04.2013 00:14:37.741,0.84689,0.84674,1.50,1.50
08.04.2013 00:14:37.811,0.84687,0.84673,1.50,2.25
08.04.2013 00:14:38.071,0.84687,0.84670,1.50,3.75
08.04.2013 00:14:40.051,0.84686,0.84671,1.50,1.50
08.04.2013 00:14:41.101,0.84687,0.84673,1.50,1.50
08.04.2013 00:14:41.472,0.84691,0.84673,1.50,2.63
08.04.2013 00:14:43.106,0.84690,0.84675,1.50,1.50
08.04.2013 00:14:43.609,0.84688,0.84673,1.50,1.13
08.04.2013 00:14:43.670,0.84688,0.84673,1.50,1.13
08.04.2013 00:14:43.799,0.84687,0.84672,1.13,2.25
08.04.2013 00:14:44.350,0.84685,0.84672,1.50,1.50
08.04.2013 00:14:45.329,0.84685,0.84672,1.50,1.50
08.04.2013 00:14:45.869,0.84687,0.84672,1.88,1.50
08.04.2013 00:14:46.439,0.84686,0.84671,1.50,2.25
08.04.2013 00:14:46.980,0.84688,0.84671,1.50,3.38
08.04.2013 00:14:47.110,0.84688,0.84673,1.50,2.25
08.04.2013 00:14:47.420,0.84689,0.84673,1.50,2.25
08.04.2013 00:14:47.743,0.84687,0.84674,1.50,1.50
08.04.2013 00:14:48.182,0.84690,0.84675,1.88,1.50
08.04.2013 00:14:48.462,0.84687,0.84674,1.50,1.50
08.04.2013 00:14:51.058,0.84687,0.84673,1.50,1.50
08.04.2013 00:14:52.589,0.84688,0.84674,1.50,1.50
08.04.2013 00:14:53.149,0.84688,0.84674,1.50,1.50
08.04.2013 00:14:55.519,0.84690,0.84676,1.50,1.50
08.04.2013 00:14:56.079,0.84691,0.84677,1.50,1.50
08.04.2013 00:14:56.750,0.84692,0.84677,1.50,1.50
08.04.2013 00:14:57.299,0.84693,0.84678,1.50,1.50
08.04.2013 00:14:57.421,0.84694,0.84680,1.13,1.50
08.04.2013 00:14:57.929,0.84695,0.84681,1.13,2.25
08.04.2013 00:14:59.732,0.84696,0.84681,1.50,3.38
08.04.2013 00:15:04.086,0.84696,0.84681,1.50,3.00
08.04.2013 00:15:04.216,0.84696,0.84681,1.50,3.00
08.04.2013 00:15:05.120,0.84694,0.84681,1.50,2.25
08.04.2013 00:15:05.369,0.84693,0.84678,1.50,1.50
08.04.2013 00:15:05.490,0.84691,0.84678,2.25,1.50
08.04.2013 00:15:05.619,0.84691,0.84673,2.25,3.00
08.04.2013 00:15:05.680,0.84690,0.84673,2.25,2.25
08.04.2013 00:15:06.229,0.84685,0.84671,1.50,2.63
08.04.2013 00:15:07.542,0.84684,0.84670,1.50,1.50
08.04.2013 00:15:08.083,0.84683,0.84670,1.50,1.50
08.04.2013 00:15:12.119,0.84684,0.84670,1.50,2.25
08.04.2013 00:15:12.671,0.84683,0.84670,1.50,2.25
08.04.2013 00:15:13.219,0.84684,0.84670,1.50,2.25
08.04.2013 00:15:13.787,0.84684,0.84670,1.50,2.25
08.04.2013 00:15:30.150,0.84684,0.84671,1.50,1.50
08.04.2013 00:15:30.689,0.84682,0.84668,1.50,3.75
08.04.2013 00:15:31.349,0.84682,0.84668,1.50,3.75
08.04.2013 00:15:31.910,0.84682,0.84668,1.50,1.50
08.04.2013 00:15:32.469,0.84682,0.84667,1.50,2.25
08.04.2013 00:15:33.134,0.84682,0.84668,1.50,1.50
08.04.2013 00:15:33.261,0.84684,0.84669,1.50,3.75
08.04.2013 00:15:33.590,0.84687,0.84672,1.50,1.50
08.04.2013 00:15:33.723,0.84687,0.84675,1.50,1.50
08.04.2013 00:15:34.111,0.84689,0.84675,1.50,1.50
08.04.2013 00:15:34.420,0.84690,0.84675,1.50,2.25
08.04.2013 00:15:34.805,0.84692,0.84678,1.13,1.50
08.04.2013 00:15:34.873,0.84692,0.84678,1.13,1.50
08.04.2013 00:15:35.429,0.84693,0.84679,1.50,2.25
08.04.2013 00:15:36.668,0.84693,0.84679,1.50,1.50
08.04.2013 00:15:37.330,0.84693,0.84679,1.50,2.25
08.04.2013 00:15:37.668,0.84693,0.84679,1.50,1.50
08.04.2013 00:15:38.743,0.84689,0.84676,1.50,1.50
08.04.2013 00:15:42.550,0.84690,0.84675,1.50,2.25
08.04.2013 00:15:42.608,0.84690,0.84676,1.50,1.50
08.04.2013 00:15:42.909,0.84692,0.84678,1.50,1.50
08.04.2013 00:15:43.449,0.84694,0.84678,2.25,2.25
08.04.2013 00:15:44.889,0.84694,0.84679,1.50,1.50
08.04.2013 00:15:46.685,0.84694,0.84680,1.50,1.50
08.04.2013 00:15:48.180,0.84697,0.84680,1.88,1.50
08.04.2013 00:15:48.250,0.84697,0.84681,1.88,1.50
08.04.2013 00:15:48.620,0.84701,0.84684,1.50,1.50
08.04.2013 00:15:48.690,0.84701,0.84684,1.50,1.50
08.04.2013 00:15:48.879,0.84700,0.84685,2.25,1.50
08.04.2013 00:15:49.182,0.84696,0.84684,1.50,2.25
08.04.2013 00:15:49.489,0.84696,0.84683,1.50,3.00
08.04.2013 00:15:49.850,0.84696,0.84681,1.50,3.00
08.04.2013 00:15:50.399,0.84696,0.84682,1.50,1.50
08.04.2013 00:15:50.949,0.84693,0.84680,1.50,2.25
08.04.2013 00:15:51.611,0.84695,0.84680,1.50,7.13
08.04.2013 00:15:52.486,0.84695,0.84680,1.50,2.63
08.04.2013 00:15:52.558,0.84695,0.84681,1.50,1.50
08.04.2013 00:15:53.089,0.84696,0.84681,1.50,1.50
08.04.2013 00:15:54.140,0.84696,0.84681,1.50,2.25
08.04.2013 00:15:54.450,0.84698,0.84683,1.50,2.25
08.04.2013 00:15:54.880,0.84696,0.84683,1.50,1.50
08.04.2013 00:15:55.800,0.84695,0.84682,1.50,2.25
08.04.2013 00:15:56.446,0.84696,0.84681,1.50,2.25
08.04.2013 00:15:56.949,0.84695,0.84681,1.50,1.50
08.04.2013 00:16:01.589,0.84695,0.84681,1.50,1.50
08.04.2013 00:16:04.110,0.84693,0.84679,1.50,2.25
08.04.2013 00:16:04.435,0.84692,0.84678,1.50,1.50
08.04.2013 00:16:04.700,0.84695,0.84679,1.50,3.00
08.04.2013 00:16:05.487,0.84695,0.84681,1.50,2.63
08.04.2013 00:16:05.634,0.84696,0.84681,1.50,1.13
08.04.2013 00:16:05.702,0.84696,0.84681,1.50,1.13
08.04.2013 00:16:06.033,0.84692,0.84680,1.50,1.13
08.04.2013 00:16:06.103,0.84692,0.84678,1.50,1.50
08.04.2013 00:16:06.883,0.84692,0.84678,1.50,2.25
08.04.2013 00:16:07.535,0.84693,0.84678,1.50,2.25
08.04.2013 00:16:09.599,0.84693,0.84678,1.50,2.25
08.04.2013 00:16:17.744,0.84693,0.84679,1.50,2.25
08.04.2013 00:16:18.281,0.84694,0.84679,1.50,2.25
08.04.2013 00:16:18.419,0.84694,0.84679,1.50,2.25
08.04.2013 00:16:22.421,0.84694,0.84679,1.50,1.50
08.04.2013 00:16:24.449,0.84695,0.84679,1.50,1.50
08.04.2013 00:16:25.819,0.84695,0.84679,1.50,2.25
08.04.2013 00:16:25.884,0.84695,0.84681,1.50,1.13
08.04.2013 00:16:27.150,0.84695,0.84681,1.50,1.88
08.04.2013 00:16:27.590,0.84695,0.84680,1.50,2.25
08.04.2013 00:16:27.649,0.84695,0.84680,1.50,2.25
08.04.2013 00:16:28.649,0.84695,0.84680,1.50,1.50
08.04.2013 00:16:29.493,0.84695,0.84680,1.50,1.50
08.04.2013 00:16:31.919,0.84695,0.84680,1.50,2.25
08.04.2013 00:16:34.627,0.84695,0.84680,1.50,2.25
08.04.2013 00:16:34.692,0.84695,0.84680,1.50,2.25
08.04.2013 00:16:35.844,0.84692,0.84680,1.13,2.25
08.04.2013 00:16:36.401,0.84692,0.84678,1.13,1.88
08.04.2013 00:16:42.698,0.84691,0.84677,1.50,1.50
08.04.2013 00:16:45.189,0.84692,0.84677,1.88,1.50
08.04.2013 00:16:51.109,0.84692,0.84678,1.88,1.50
08.04.2013 00:16:51.411,0.84690,0.84674,1.50,2.25
08.04.2013 00:16:51.480,0.84690,0.84674,5.25,2.25
08.04.2013 00:16:51.920,0.84686,0.84674,2.25,1.50
08.04.2013 00:16:52.468,0.84686,0.84673,2.25,1.88
08.04.2013 00:16:56.650,0.84686,0.84673,1.50,1.13
08.04.2013 00:16:58.671,0.84688,0.84671,3.38,2.25
08.04.2013 00:16:58.919,0.84688,0.84672,2.63,1.50
08.04.2013 00:16:59.101,0.84690,0.84674,2.25,1.50
08.04.2013 00:16:59.530,0.84692,0.84677,1.50,1.50
08.04.2013 00:17:03.949,0.84692,0.84678,1.50,1.50
08.04.2013 00:17:04.638,0.84694,0.84679,1.50,1.50
08.04.2013 00:17:18.233,0.84694,0.84679,1.50,2.25
08.04.2013 00:17:25.573,0.84694,0.84679,1.50,1.50
08.04.2013 00:17:26.899,0.84694,0.84679,1.50,2.25
08.04.2013 00:17:27.019,0.84694,0.84679,1.50,2.25
08.04.2013 00:17:27.649,0.84694,0.84679,1.50,2.25
08.04.2013 00:17:32.358,0.84695,0.84679,1.50,2.25
08.04.2013 00:17:34.902,0.84695,0.84680,1.50,3.00
08.04.2013 00:17:35.589,0.84697,0.84680,1.50,3.00
08.04.2013 00:17:41.890,0.84697,0.84682,1.50,2.63
08.04.2013 00:17:42.442,0.84693,0.84679,1.50,1.88
08.04.2013 00:17:43.911,0.84693,0.84679,1.50,1.13
08.04.2013 00:17:51.435,0.84695,0.84680,1.50,2.25
08.04.2013 00:18:09.849,0.84695,0.84680,1.50,1.50
08.04.2013 00:18:10.160,0.84692,0.84677,1.50,2.25
08.04.2013 00:18:10.230,0.84690,0.84676,1.50,3.00
08.04.2013 00:18:10.680,0.84690,0.84675,1.50,4.88
08.04.2013 00:18:11.958,0.84690,0.84675,1.50,4.13
08.04.2013 00:18:12.558,0.84690,0.84675,1.50,3.38
08.04.2013 00:18:13.100,0.84690,0.84675,1.50,3.38
08.04.2013 00:18:17.579,0.84690,0.84675,1.50,3.38
08.04.2013 00:18:18.886,0.84692,0.84675,2.25,3.38
08.04.2013 00:18:24.625,0.84690,0.84676,2.25,1.13
08.04.2013 00:18:25.053,0.84691,0.84676,1.50,2.25
08.04.2013 00:18:25.181,0.84691,0.84676,1.50,2.25
08.04.2013 00:18:25.699,0.84692,0.84676,2.25,2.25
08.04.2013 00:18:26.060,0.84692,0.84676,1.50,1.50
08.04.2013 00:18:29.894,0.84692,0.84677,1.50,2.25
08.04.2013 00:18:30.922,0.84692,0.84679,1.50,1.88
08.04.2013 00:18:32.016,0.84694,0.84680,1.13,1.50
08.04.2013 00:18:32.105,0.84695,0.84680,1.50,1.50
08.04.2013 00:18:32.170,0.84695,0.84681,1.50,1.50
08.04.2013 00:18:32.434,0.84696,0.84681,2.25,2.25
08.04.2013 00:18:32.981,0.84697,0.84682,1.50,2.25
08.04.2013 00:18:36.310,0.84698,0.84682,1.65,1.50
08.04.2013 00:18:39.041,0.84698,0.84683,1.65,1.50
08.04.2013 00:18:39.581,0.84699,0.84684,1.65,1.50
08.04.2013 00:18:46.620,0.84700,0.84685,1.65,1.50
08.04.2013 00:18:47.170,0.84703,0.84686,3.15,2.25
08.04.2013 00:18:52.841,0.84703,0.84689,1.50,1.50
08.04.2013 00:18:54.550,0.84703,0.84689,1.50,1.50
08.04.2013 00:19:00.107,0.84700,0.84686,3.00,2.25
08.04.2013 00:19:01.071,0.84700,0.84686,1.50,1.50
08.04.2013 00:19:02.274,0.84700,0.84688,1.50,1.35
08.04.2013 00:19:02.402,0.84701,0.84689,2.25,1.50
08.04.2013 00:19:02.471,0.84703,0.84688,3.00,1.50
08.04.2013 00:19:03.021,0.84703,0.84689,1.50,1.50
08.04.2013 00:19:03.570,0.84703,0.84690,1.13,1.50
08.04.2013 00:19:04.130,0.84705,0.84689,1.50,2.25
08.04.2013 00:19:04.262,0.84708,0.84693,1.50,2.25
08.04.2013 00:19:05.179,0.84708,0.84693,1.50,2.25
08.04.2013 00:19:06.132,0.84709,0.84694,3.00,1.50
08.04.2013 00:19:06.441,0.84711,0.84695,1.50,2.25
08.04.2013 00:19:06.510,0.84711,0.84695,2.25,2.25
08.04.2013 00:19:06.641,0.84709,0.84695,2.25,1.50
08.04.2013 00:19:06.959,0.84707,0.84695,1.50,1.50
08.04.2013 00:19:07.019,0.84707,0.84693,2.25,3.75
08.04.2013 00:19:08.441,0.84707,0.84694,1.50,1.50
08.04.2013 00:19:08.958,0.84706,0.84693,1.50,1.50
08.04.2013 00:19:10.509,0.84707,0.84693,3.75,1.50
08.04.2013 00:19:11.058,0.84707,0.84693,1.50,1.50
08.04.2013 00:19:11.576,0.84710,0.84694,4.13,1.50
08.04.2013 00:19:11.763,0.84710,0.84696,2.25,1.13
08.04.2013 00:19:12.011,0.84711,0.84696,3.38,1.13
08.04.2013 00:19:14.161,0.84712,0.84698,1.50,2.25
08.04.2013 00:19:14.746,0.84712,0.84698,2.25,1.50
08.04.2013 00:19:15.249,0.84712,0.84698,1.50,2.25
08.04.2013 00:19:22.516,0.84712,0.84699,2.25,2.25
08.04.2013 00:19:31.970,0.84712,0.84698,1.50,1.50
08.04.2013 00:19:45.190,0.84714,0.84698,3.00,1.50
08.04.2013 00:19:49.799,0.84714,0.84698,3.00,2.25
08.04.2013 00:19:51.809,0.84714,0.84698,2.25,1.50
08.04.2013 00:19:51.951,0.84715,0.84700,1.50,1.50
08.04.2013 00:19:52.931,0.84715,0.84700,3.00,1.50
08.04.2013 00:19:54.549,0.84715,0.84700,3.00,1.50
08.04.2013 00:19:56.370,0.84715,0.84698,3.00,1.50
08.04.2013 00:19:56.860,0.84713,0.84698,1.50,1.50
08.04.2013 00:19:56.990,0.84715,0.84699,1.50,1.50
08.04.2013 00:19:57.059,0.84717,0.84699,2.63,1.50
08.04.2013 00:19:58.448,0.84717,0.84702,3.00,1.50
08.04.2013 00:19:59.099,0.84717,0.84700,3.00,1.50
08.04.2013 00:20:05.638,0.84714,0.84701,1.50,1.50
08.04.2013 00:20:06.179,0.84716,0.84703,1.50,2.25
08.04.2013 00:20:07.129,0.84716,0.84703,1.50,3.00
08.04.2013 00:20:07.519,0.84716,0.84703,3.00,3.00
08.04.2013 00:20:08.959,0.84716,0.84703,3.00,3.00
08.04.2013 00:20:11.291,0.84716,0.84705,1.50,3.00
08.04.2013 00:20:11.421,0.84717,0.84706,1.50,2.25
08.04.2013 00:20:11.731,0.84715,0.84706,1.50,1.50
08.04.2013 00:20:11.920,0.84717,0.84706,1.50,1.50
08.04.2013 00:20:11.992,0.84717,0.84704,2.25,2.25
08.04.2013 00:20:12.731,0.84717,0.84702,1.50,2.25
08.04.2013 00:20:12.799,0.84717,0.84702,1.50,3.00
08.04.2013 00:20:13.100,0.84717,0.84702,1.50,2.25
08.04.2013 00:20:16.340,0.84717,0.84702,2.25,1.50
08.04.2013 00:20:17.799,0.84717,0.84703,2.25,1.50
08.04.2013 00:20:22.419,0.84713,0.84702,1.50,3.00
08.04.2013 00:20:22.959,0.84713,0.84702,1.50,2.25
08.04.2013 00:20:24.670,0.84715,0.84702,1.50,1.50
08.04.2013 00:20:25.650,0.84715,0.84702,1.50,1.50
08.04.2013 00:20:26.211,0.84715,0.84701,1.50,1.88
08.04.2013 00:20:26.758,0.84715,0.84701,1.50,2.63
08.04.2013 00:20:28.371,0.84717,0.84704,2.25,1.50
08.04.2013 00:20:29.060,0.84719,0.84706,2.25,1.50
08.04.2013 00:20:29.608,0.84719,0.84706,2.25,1.50
08.04.2013 00:20:31.710,0.84719,0.84706,3.75,1.50
08.04.2013 00:20:33.251,0.84717,0.84704,1.50,1.50
08.04.2013 00:20:33.580,0.84716,0.84700,2.25,2.25
08.04.2013 00:20:33.718,0.84714,0.84700,1.50,2.25
08.04.2013 00:20:33.867,0.84714,0.84700,2.25,2.25
08.04.2013 00:20:34.181,0.84711,0.84700,1.50,1.50
08.04.2013 00:20:34.490,0.84712,0.84700,1.50,1.50
08.04.2013 00:20:34.680,0.84712,0.84700,1.50,1.50
08.04.2013 00:20:34.951,0.84712,0.84700,1.50,1.50
08.04.2013 00:20:39.021,0.84714,0.84701,1.50,2.25
08.04.2013 00:20:43.759,0.84714,0.84702,1.50,1.50
08.04.2013 00:20:49.700,0.84716,0.84703,1.50,1.50
08.04.2013 00:21:04.148,0.84716,0.84705,1.50,1.50
08.04.2013 00:21:04.422,0.84721,0.84706,3.00,2.25
08.04.2013 00:21:04.493,0.84721,0.84707,1.50,1.50
08.04.2013 00:21:04.739,0.84721,0.84707,2.25,1.50
08.04.2013 00:21:05.463,0.84718,0.84704,2.25,1.50
08.04.2013 00:21:06.011,0.84718,0.84706,1.50,1.50
08.04.2013 00:21:06.531,0.84718,0.84706,1.50,1.50
08.04.2013 00:21:07.082,0.84718,0.84704,2.25,1.50
08.04.2013 00:21:07.390,0.84718,0.84703,2.25,3.75
08.04.2013 00:21:07.920,0.84718,0.84703,2.25,3.75
08.04.2013 00:21:09.761,0.84718,0.84703,2.25,2.25
08.04.2013 00:21:10.611,0.84716,0.84703,1.50,2.25
08.04.2013 00:21:10.861,0.84716,0.84701,3.00,2.63
08.04.2013 00:21:11.172,0.84714,0.84701,2.25,2.25
08.04.2013 00:21:11.300,0.84710,0.84699,1.50,1.50
08.04.2013 00:21:15.342,0.84713,0.84699,1.50,1.88
08.04.2013 00:21:15.943,0.84715,0.84700,2.25,1.50
08.04.2013 00:21:18.669,0.84715,0.84700,2.25,2.25
08.04.2013 00:21:20.811,0.84714,0.84700,2.25,3.00
08.04.2013 00:21:21.129,0.84713,0.84699,1.50,4.13
08.04.2013 00:21:21.669,0.84710,0.84699,1.50,2.63
08.04.2013 00:21:23.714,0.84710,0.84699,1.50,2.63
08.04.2013 00:21:23.971,0.84713,0.84699,1.50,2.63
08.04.2013 00:21:25.025,0.84713,0.84700,1.50,1.50
08.04.2013 00:21:26.690,0.84713,0.84699,1.50,1.50
08.04.2013 00:21:27.831,0.84713,0.84698,1.50,2.63
08.04.2013 00:21:32.281,0.84713,0.84699,1.50,1.50
08.04.2013 00:21:33.330,0.84713,0.84700,1.50,2.25
08.04.2013 00:21:35.040,0.84713,0.84700,1.50,1.50
08.04.2013 00:21:35.349,0.84709,0.84699,1.50,1.50
08.04.2013 00:21:36.681,0.84709,0.84700,1.50,1.88
08.04.2013 00:21:36.990,0.84714,0.84701,2.25,1.13
08.04.2013 00:21:37.529,0.84714,0.84701,2.25,1.13
08.04.2013 00:21:41.144,0.84712,0.84701,2.25,1.50
08.04.2013 00:21:41.421,0.84712,0.84702,1.50,1.50
08.04.2013 00:21:41.972,0.84715,0.84702,3.00,1.50
08.04.2013 00:21:47.131,0.84715,0.84702,3.00,1.50
08.04.2013 00:21:50.652,0.84715,0.84703,1.50,1.50
08.04.2013 00:21:50.721,0.84715,0.84703,1.50,1.50
08.04.2013 00:21:51.209,0.84718,0.84703,1.50,2.25
08.04.2013 00:21:51.936,0.84718,0.84705,1.50,1.50
08.04.2013 00:21:52.710,0.84719,0.84705,1.50,2.25
08.04.2013 00:21:52.891,0.84719,0.84707,1.50,1.50
08.04.2013 00:21:52.961,0.84722,0.84707,1.50,1.50
08.04.2013 00:21:54.291,0.84720,0.84705,1.50,3.00
08.04.2013 00:21:54.482,0.84718,0.84705,1.13,1.50
08.04.2013 00:21:54.671,0.84716,0.84703,1.50,1.88
08.04.2013 00:21:55.498,0.84714,0.84703,1.50,1.88
08.04.2013 00:21:56.000,0.84715,0.84702,1.50,1.50
08.04.2013 00:21:56.179,0.84716,0.84704,1.50,1.50
08.04.2013 00:21:56.660,0.84718,0.84703,1.50,2.25
08.04.2013 00:21:57.662,0.84719,0.84708,1.50,2.25
08.04.2013 00:21:59.931,0.84719,0.84708,1.50,2.25
08.04.2013 00:22:00.181,0.84721,0.84710,1.50,1.50
08.04.2013 00:22:01.101,0.84721,0.84711,1.50,2.40
08.04.2013 00:22:01.291,0.84725,0.84713,1.50,2.25
08.04.2013 00:22:01.480,0.84726,0.84713,1.50,1.50
08.04.2013 00:22:05.939,0.84726,0.84711,1.50,2.25
08.04.2013 00:22:06.241,0.84725,0.84711,1.50,2.25
08.04.2013 00:22:06.432,0.84723,0.84710,2.25,1.50
08.04.2013 00:22:11.058,0.84723,0.84710,2.25,1.65
08.04.2013 00:22:11.179,0.84723,0.84710,1.50,2.40
08.04.2013 00:22:11.423,0.84726,0.84711,1.50,2.25
08.04.2013 00:22:11.670,0.84724,0.84713,1.50,1.50
08.04.2013 00:22:11.975,0.84727,0.84715,1.50,1.50
08.04.2013 00:22:12.281,0.84729,0.84715,2.25,1.50
08.04.2013 00:22:12.471,0.84728,0.84713,1.50,2.25
08.04.2013 00:22:13.386,0.84727,0.84712,2.25,2.03
08.04.2013 00:22:13.689,0.84722,0.84712,1.50,1.88
08.04.2013 00:22:13.991,0.84724,0.84711,2.25,1.88
08.04.2013 00:22:17.301,0.84724,0.84711,3.00,1.13
08.04.2013 00:22:18.961,0.84724,0.84712,2.25,2.25
08.04.2013 00:22:24.190,0.84723,0.84711,1.50,1.88
08.04.2013 00:22:24.320,0.84723,0.84710,1.50,2.25
08.04.2013 00:22:24.821,0.84723,0.84710,1.50,1.50
08.04.2013 00:22:25.990,0.84724,0.84710,2.25,1.50
08.04.2013 00:22:27.968,0.84723,0.84710,1.50,1.50
08.04.2013 00:22:31.430,0.84726,0.84710,1.50,1.50
08.04.2013 00:22:32.650,0.84727,0.84710,1.50,3.75
08.04.2013 00:22:33.319,0.84727,0.84710,1.50,3.00
08.04.2013 00:22:35.279,0.84727,0.84710,1.50,3.00
08.04.2013 00:22:38.209,0.84727,0.84713,1.50,1.50
08.04.2013 00:22:39.119,0.84726,0.84711,1.50,2.25
08.04.2013 00:22:44.682,0.84728,0.84712,1.50,2.25
08.04.2013 00:22:45.240,0.84728,0.84713,1.50,2.25
08.04.2013 00:22:49.063,0.84728,0.84713,1.50,1.50
08.04.2013 00:22:49.619,0.84728,0.84713,1.50,2.25
08.04.2013 00:22:53.390,0.84729,0.84713,1.50,2.25
08.04.2013 00:22:53.640,0.84730,0.84715,2.25,2.25
08.04.2013 00:22:54.004,0.84730,0.84715,1.50,3.00
08.04.2013 00:22:54.564,0.84731,0.84717,1.50,1.50
08.04.2013 00:22:55.327,0.84731,0.84715,1.50,3.00
08.04.2013 00:22:55.409,0.84729,0.84713,1.50,3.00
08.04.2013 00:23:08.261,0.84729,0.84714,1.50,1.50
08.04.2013 00:23:08.331,0.84731,0.84714,2.25,1.50
08.04.2013 00:23:12.901,0.84731,0.84716,1.50,1.50
08.04.2013 00:23:13.090,0.84732,0.84716,2.25,1.50
08.04.2013 00:23:13.640,0.84730,0.84717,1.50,1.50
08.04.2013 00:23:14.581,0.84731,0.84716,1.50,2.25
08.04.2013 00:23:14.841,0.84729,0.84715,1.13,1.50
08.04.2013 00:23:14.909,0.84729,0.84714,1.13,1.88
08.04.2013 00:23:15.227,0.84726,0.84713,2.25,1.88
08.04.2013 00:23:15.919,0.84725,0.84713,1.50,1.13
08.04.2013 00:23:17.560,0.84725,0.84712,1.50,1.50
08.04.2013 00:23:18.549,0.84725,0.84712,1.50,1.50
08.04.2013 00:23:25.488,0.84724,0.84710,1.50,1.50
08.04.2013 00:23:26.040,0.84724,0.84710,1.50,2.25
08.04.2013 00:23:26.560,0.84724,0.84710,1.50,1.50
08.04.2013 00:23:27.080,0.84722,0.84708,1.50,2.25
08.04.2013 00:23:40.910,0.84722,0.84707,1.50,2.63
08.04.2013 00:23:47.461,0.84722,0.84709,1.50,1.88
08.04.2013 00:23:53.232,0.84722,0.84709,1.50,1.88
08.04.2013 00:23:53.780,0.84722,0.84707,1.50,1.50
08.04.2013 00:24:00.441,0.84722,0.84709,1.50,2.25
08.04.2013 00:24:00.632,0.84724,0.84711,1.50,1.50
08.04.2013 00:24:00.761,0.84726,0.84711,1.50,1.50
08.04.2013 00:24:01.681,0.84724,0.84709,1.50,1.50
08.04.2013 00:24:01.942,0.84722,0.84708,1.50,2.25
08.04.2013 00:24:06.692,0.84725,0.84710,2.25,1.50
08.04.2013 00:24:06.762,0.84725,0.84710,1.50,1.50
08.04.2013 00:24:07.011,0.84724,0.84709,1.50,2.25
08.04.2013 00:24:10.520,0.84724,0.84709,1.50,2.25
08.04.2013 00:24:12.109,0.84724,0.84709,1.50,1.50
08.04.2013 00:24:21.569,0.84723,0.84708,1.50,1.88
08.04.2013 00:24:21.960,0.84723,0.84708,1.50,1.88
08.04.2013 00:24:23.022,0.84725,0.84708,2.25,1.50
08.04.2013 00:24:23.331,0.84726,0.84712,1.13,1.13
08.04.2013 00:24:23.720,0.84726,0.84712,1.88,1.50
08.04.2013 00:24:23.843,0.84726,0.84710,1.88,1.50
08.04.2013 00:24:24.150,0.84723,0.84708,1.50,2.25
08.04.2013 00:24:25.600,0.84724,0.84708,1.50,2.25
08.04.2013 00:24:28.839,0.84724,0.84708,2.25,1.50
08.04.2013 00:24:30.349,0.84723,0.84708,1.88,1.50
08.04.2013 00:24:30.411,0.84723,0.84706,2.63,1.50
08.04.2013 00:24:30.722,0.84718,0.84704,2.63,1.50
08.04.2013 00:24:31.272,0.84718,0.84703,2.63,1.50
08.04.2013 00:24:31.400,0.84718,0.84705,1.88,1.50
08.04.2013 00:24:32.182,0.84718,0.84704,1.13,1.50
08.04.2013 00:24:33.214,0.84718,0.84703,1.13,1.50
08.04.2013 00:24:33.659,0.84717,0.84702,1.50,1.50
08.04.2013 00:24:39.740,0.84718,0.84703,1.88,1.50
08.04.2013 00:24:40.900,0.84717,0.84703,2.25,1.13
08.04.2013 00:24:41.212,0.84718,0.84702,2.25,3.75
08.04.2013 00:24:41.713,0.84718,0.84703,2.25,1.50
08.04.2013 00:24:41.781,0.84720,0.84703,1.50,2.78
08.04.2013 00:24:42.090,0.84719,0.84704,1.50,2.63
08.04.2013 00:24:42.689,0.84720,0.84705,1.50,1.50
08.04.2013 00:24:42.999,0.84720,0.84705,1.50,1.50
08.04.2013 00:24:43.521,0.84721,0.84704,1.50,3.38
08.04.2013 00:24:43.591,0.84720,0.84706,1.50,3.00
08.04.2013 00:24:43.660,0.84721,0.84706,1.50,2.25
08.04.2013 00:24:44.212,0.84723,0.84710,1.50,1.50
08.04.2013 00:24:44.981,0.84724,0.84710,2.25,1.50
08.04.2013 00:24:45.541,0.84726,0.84709,1.50,2.25
08.04.2013 00:24:46.935,0.84726,0.84711,2.25,1.50
08.04.2013 00:24:47.861,0.84725,0.84709,1.50,1.50
08.04.2013 00:24:50.320,0.84723,0.84709,1.50,1.50
08.04.2013 00:24:50.867,0.84722,0.84710,1.50,3.75
08.04.2013 00:24:51.381,0.84722,0.84715,1.50,1.50
08.04.2013 00:24:51.930,0.84722,0.84715,1.50,1.50
08.04.2013 00:24:52.960,0.84727,0.84715,2.25,1.50
08.04.2013 00:24:53.019,0.84727,0.84715,1.50,1.50
08.04.2013 00:24:56.360,0.84728,0.84716,1.50,1.13
08.04.2013 00:24:57.322,0.84728,0.84716,1.50,1.13
08.04.2013 00:24:57.451,0.84727,0.84713,1.50,2.25
08.04.2013 00:24:57.651,0.84725,0.84710,1.50,4.13
08.04.2013 00:24:57.721,0.84725,0.84710,1.50,4.13
08.04.2013 00:24:59.268,0.84725,0.84710,1.50,2.63
08.04.2013 00:24:59.351,0.84728,0.84713,2.25,2.25
08.04.2013 00:24:59.960,0.84728,0.84715,2.25,1.50
08.04.2013 00:25:00.452,0.84728,0.84715,1.50,1.50
08.04.2013 00:25:00.882,0.84729,0.84714,1.50,3.75
08.04.2013 00:25:01.192,0.84729,0.84715,1.50,1.50
08.04.2013 00:25:07.090,0.84729,0.84716,1.50,1.50
08.04.2013 00:25:08.133,0.84728,0.84716,1.50,1.88
08.04.2013 00:25:08.321,0.84728,0.84714,2.25,2.25
08.04.2013 00:25:09.860,0.84728,0.84714,2.25,1.50
08.04.2013 00:25:14.026,0.84728,0.84716,2.25,1.13
08.04.2013 00:25:17.438,0.84728,0.84715,2.25,1.13
08.04.2013 00:25:20.190,0.84728,0.84712,1.50,2.63
08.04.2013 00:25:20.489,0.84724,0.84709,1.50,3.00
08.04.2013 00:25:25.741,0.84722,0.84708,2.25,1.50
08.04.2013 00:25:25.872,0.84723,0.84707,1.50,1.88
08.04.2013 00:25:26.419,0.84721,0.84705,2.25,1.50
08.04.2013 00:25:49.769,0.84721,0.84705,1.50,2.25
08.04.2013 00:25:50.768,0.84721,0.84705,1.50,2.25
08.04.2013 00:25:51.414,0.84721,0.84705,1.50,2.25
08.04.2013 00:25:53.920,0.84721,0.84705,1.50,2.25
08.04.2013 00:25:54.490,0.84721,0.84705,1.50,2.25
08.04.2013 00:25:54.820,0.84721,0.84705,1.50,2.25
08.04.2013 00:26:13.561,0.84721,0.84705,1.50,1.50
08.04.2013 00:26:13.871,0.84724,0.84709,1.88,1.50
08.04.2013 00:26:18.721,0.84723,0.84708,1.50,2.63
08.04.2013 00:26:19.251,0.84723,0.84708,1.50,1.88
08.04.2013 00:26:19.871,0.84723,0.84707,1.50,3.00
08.04.2013 00:26:24.054,0.84721,0.84707,1.50,1.50
08.04.2013 00:26:24.372,0.84720,0.84707,1.50,2.25
08.04.2013 00:26:24.931,0.84719,0.84706,1.50,1.50
08.04.2013 00:26:27.801,0.84719,0.84705,1.50,1.50
08.04.2013 00:26:28.503,0.84716,0.84701,1.50,1.50
08.04.2013 00:26:28.585,0.84716,0.84701,1.50,1.50
08.04.2013 00:26:32.292,0.84716,0.84702,1.50,1.13
08.04.2013 00:26:39.739,0.84716,0.84700,1.50,1.88
08.04.2013 00:26:39.799,0.84716,0.84700,1.50,1.88
08.04.2013 00:26:40.589,0.84716,0.84700,3.00,2.63
08.04.2013 00:26:43.300,0.84716,0.84699,3.00,2.63
08.04.2013 00:27:09.410,0.84716,0.84699,1.50,1.50
08.04.2013 00:27:15.252,0.84716,0.84699,1.50,1.50
08.04.2013 00:27:20.410,0.84715,0.84702,1.50,1.50
08.04.2013 00:27:21.000,0.84715,0.84702,1.50,1.50
08.04.2013 00:27:23.722,0.84717,0.84701,4.13,2.25
08.04.2013 00:27:24.269,0.84719,0.84706,1.50,1.50
08.04.2013 00:27:25.672,0.84719,0.84705,1.50,1.50
08.04.2013 00:27:26.182,0.84718,0.84704,1.50,1.50
08.04.2013 00:27:26.740,0.84721,0.84704,1.50,2.25
08.04.2013 00:27:26.850,0.84721,0.84704,1.50,2.25
08.04.2013 00:27:48.865,0.84720,0.84706,1.50,1.50
08.04.2013 00:27:49.006,0.84722,0.84707,1.50,1.50
08.04.2013 00:27:49.562,0.84723,0.84707,1.88,2.25
08.04.2013 00:27:49.694,0.84724,0.84709,1.50,1.50
08.04.2013 00:27:50.240,0.84725,0.84709,2.25,3.00
08.04.2013 00:27:50.742,0.84724,0.84709,1.50,1.50
08.04.2013 00:27:54.581,0.84724,0.84709,1.50,1.88
08.04.2013 00:28:02.751,0.84723,0.84709,1.50,1.50
08.04.2013 00:28:03.022,0.84722,0.84709,1.50,1.50
08.04.2013 00:28:04.411,0.84723,0.84708,2.25,1.50
08.04.2013 00:28:05.770,0.84722,0.84707,1.50,1.50
08.04.2013 00:28:08.971,0.84723,0.84708,2.25,3.00
08.04.2013 00:28:17.210,0.84723,0.84708,1.50,1.50
08.04.2013 00:28:20.502,0.84720,0.84705,1.50,3.75
08.04.2013 00:28:20.631,0.84720,0.84705,2.25,1.50
08.04.2013 00:28:21.469,0.84716,0.84702,1.50,1.13
08.04.2013 00:28:21.711,0.84714,0.84698,2.25,1.88
08.04.2013 00:28:21.771,0.84714,0.84698,2.25,1.13
08.04.2013 00:28:21.891,0.84712,0.84698,1.50,1.88
08.04.2013 00:28:22.391,0.84712,0.84698,1.50,1.50
08.04.2013 00:28:27.394,0.84712,0.84698,3.75,1.50
08.04.2013 00:28:27.921,0.84712,0.84698,2.25,1.50
08.04.2013 00:28:28.232,0.84712,0.84699,1.50,1.50
08.04.2013 00:28:28.791,0.84714,0.84699,2.25,1.50
08.04.2013 00:28:29.946,0.84714,0.84699,2.25,1.50
08.04.2013 00:28:39.090,0.84715,0.84701,1.50,1.50
08.04.2013 00:28:41.833,0.84716,0.84700,2.63,1.50
08.04.2013 00:28:52.182,0.84714,0.84700,1.13,1.50
08.04.2013 00:28:52.592,0.84713,0.84700,1.88,1.50
08.04.2013 00:28:58.063,0.84712,0.84700,1.88,1.50
08.04.2013 00:29:05.152,0.84712,0.84700,1.50,1.50
08.04.2013 00:29:05.221,0.84713,0.84700,1.50,1.50
08.04.2013 00:29:07.283,0.84712,0.84701,1.50,1.50
08.04.2013 00:29:08.661,0.84712,0.84701,1.50,1.50
08.04.2013 00:29:10.572,0.84712,0.84702,1.50,1.50
08.04.2013 00:29:13.370,0.84712,0.84701,1.88,1.50
08.04.2013 00:29:22.820,0.84712,0.84701,2.63,1.50
08.04.2013 00:29:24.020,0.84712,0.84701,1.77,1.50
08.04.2013 00:29:24.561,0.84712,0.84705,1.50,1.50
08.04.2013 00:29:25.441,0.84717,0.84703,3.00,1.50
08.04.2013 00:29:25.996,0.84717,0.84705,1.50,1.50
08.04.2013 00:29:29.262,0.84717,0.84705,1.50,1.50
08.04.2013 00:29:29.812,0.84719,0.84706,3.00,1.50
08.04.2013 00:29:32.465,0.84719,0.84705,2.25,1.50
08.04.2013 00:29:33.010,0.84719,0.84708,1.50,1.50
08.04.2013 00:29:34.306,0.84721,0.84708,1.50,1.50
08.04.2013 00:29:35.022,0.84721,0.84709,1.50,1.50
08.04.2013 00:29:35.271,0.84722,0.84707,3.00,1.50
08.04.2013 00:29:35.885,0.84719,0.84707,1.50,1.50
08.04.2013 00:29:47.730,0.84718,0.84707,1.50,1.50
08.04.2013 00:29:53.733,0.84718,0.84702,3.75,1.50
08.04.2013 00:29:54.161,0.84715,0.84702,1.50,1.50
08.04.2013 00:30:03.701,0.84715,0.84700,3.75,1.50
08.04.2013 00:30:06.751,0.84715,0.84700,3.75,1.50
08.04.2013 00:30:16.424,0.84715,0.84701,3.75,1.50
08.04.2013 00:30:16.940,0.84715,0.84701,3.00,1.50
08.04.2013 00:30:20.591,0.84714,0.84697,1.88,3.15
08.04.2013 00:30:20.892,0.84711,0.84697,2.25,1.50
08.04.2013 00:30:21.280,0.84711,0.84696,3.00,2.25
08.04.2013 00:30:23.811,0.84711,0.84696,3.00,1.50
08.04.2013 00:30:23.931,0.84711,0.84696,3.00,1.50
08.04.2013 00:30:24.360,0.84709,0.84696,1.50,1.50
08.04.2013 00:30:31.840,0.84710,0.84696,2.63,1.50
08.04.2013 00:30:32.184,0.84711,0.84696,3.00,1.50
08.04.2013 00:30:32.490,0.84711,0.84696,3.00,1.50
08.04.2013 00:30:33.030,0.84711,0.84695,3.00,1.50
08.04.2013 00:30:37.341,0.84711,0.84696,3.00,1.50
08.04.2013 00:30:37.903,0.84711,0.84698,1.50,1.50
08.04.2013 00:30:38.213,0.84711,0.84699,1.50,1.50
08.04.2013 00:30:38.786,0.84712,0.84699,1.50,1.50
08.04.2013 00:30:44.574,0.84712,0.84700,1.50,1.50
08.04.2013 00:30:48.701,0.84713,0.84701,1.50,1.50
08.04.2013 00:30:51.742,0.84712,0.84701,1.50,1.50
08.04.2013 00:30:52.290,0.84712,0.84701,1.50,1.50
08.04.2013 00:31:07.599,0.84713,0.84701,1.50,1.50
08.04.2013 00:31:12.140,0.84713,0.84701,1.50,3.00
08.04.2013 00:31:15.151,0.84713,0.84704,1.50,1.50
08.04.2013 00:31:15.222,0.84715,0.84704,1.50,1.50
08.04.2013 00:31:15.771,0.84715,0.84705,1.50,1.13
08.04.2013 00:31:16.452,0.84715,0.84705,1.50,1.13
08.04.2013 00:31:17.370,0.84715,0.84705,1.50,1.50
08.04.2013 00:31:17.670,0.84715,0.84705,1.50,2.63
08.04.2013 00:31:18.241,0.84715,0.84706,1.50,1.50
08.04.2013 00:31:23.690,0.84716,0.84706,1.50,1.50
08.04.2013 00:31:23.871,0.84716,0.84707,1.50,1.50
08.04.2013 00:31:24.300,0.84719,0.84706,3.00,1.50
08.04.2013 00:31:25.086,0.84719,0.84707,9.00,1.13
08.04.2013 00:31:25.600,0.84719,0.84707,2.25,1.13
08.04.2013 00:31:25.853,0.84720,0.84707,1.50,1.50
08.04.2013 00:31:27.911,0.84722,0.84707,5.25,1.50
08.04.2013 00:31:30.622,0.84723,0.84708,3.75,1.50
08.04.2013 00:31:30.984,0.84723,0.84710,1.50,1.50
08.04.2013 00:31:50.311,0.84723,0.84711,1.50,1.50
08.04.2013 00:31:50.514,0.84725,0.84710,2.25,1.13
08.04.2013 00:31:50.583,0.84726,0.84710,3.38,1.50
08.04.2013 00:31:50.711,0.84725,0.84714,1.50,1.50
08.04.2013 00:31:51.260,0.84725,0.84714,1.50,1.50
08.04.2013 00:31:55.733,0.84725,0.84712,2.25,3.00
08.04.2013 00:31:55.982,0.84723,0.84707,3.75,1.50
08.04.2013 00:31:56.116,0.84720,0.84709,1.50,1.88
08.04.2013 00:31:59.111,0.84718,0.84705,1.50,1.13
08.04.2013 00:32:00.624,0.84720,0.84706,1.50,1.50
08.04.2013 00:32:01.910,0.84720,0.84705,2.25,1.13
08.04.2013 00:32:02.330,0.84717,0.84707,1.50,2.25
08.04.2013 00:32:02.511,0.84720,0.84707,1.50,2.25
08.04.2013 00:32:02.580,0.84720,0.84707,1.50,2.25
08.04.2013 00:32:02.700,0.84722,0.84708,1.50,1.50
08.04.2013 00:32:04.262,0.84723,0.84708,2.25,2.25
08.04.2013 00:32:11.301,0.84725,0.84710,2.25,1.50
08.04.2013 00:32:12.850,0.84725,0.84711,2.25,1.50
08.04.2013 00:32:13.360,0.84725,0.84711,2.25,1.50
08.04.2013 00:32:15.350,0.84725,0.84712,1.50,1.50
08.04.2013 00:32:16.353,0.84726,0.84712,1.50,1.50
08.04.2013 00:32:17.640,0.84726,0.84712,2.25,1.50
08.04.2013 00:32:17.891,0.84724,0.84712,1.50,1.50
08.04.2013 00:32:18.921,0.84724,0.84710,2.25,1.50
08.04.2013 00:32:19.472,0.84721,0.84711,1.50,1.88
08.04.2013 00:32:20.021,0.84718,0.84707,1.50,1.13
08.04.2013 00:32:20.339,0.84718,0.84706,1.50,1.50
08.04.2013 00:32:21.772,0.84718,0.84706,2.25,1.88
08.04.2013 00:32:26.641,0.84718,0.84706,1.50,1.13
08.04.2013 00:32:58.380,0.84718,0.84705,1.50,1.50
08.04.2013 00:33:01.145,0.84718,0.84703,1.50,2.63
08.04.2013 00:33:08.711,0.84718,0.84704,1.88,1.50
08.04.2013 00:33:09.250,0.84718,0.84703,2.63,1.50
08.04.2013 00:33:13.560,0.84718,0.84703,2.25,1.50
08.04.2013 00:33:17.451,0.84718,0.84703,1.13,1.50
08.04.2013 00:33:18.001,0.84721,0.84704,2.63,3.00
08.04.2013 00:33:25.289,0.84720,0.84704,2.25,2.25
08.04.2013 00:33:26.600,0.84720,0.84704,1.50,2.25
08.04.2013 00:33:30.621,0.84720,0.84704,2.25,1.50
08.04.2013 00:34:06.091,0.84720,0.84704,1.50,1.88
08.04.2013 00:34:13.963,0.84719,0.84702,1.13,2.25
08.04.2013 00:34:14.096,0.84715,0.84701,1.50,1.50
08.04.2013 00:34:14.223,0.84715,0.84699,1.50,1.13
08.04.2013 00:34:14.413,0.84715,0.84699,1.50,1.13
08.04.2013 00:34:15.576,0.84715,0.84699,2.25,1.13
08.04.2013 00:34:15.864,0.84715,0.84698,1.50,2.25
08.04.2013 00:34:16.292,0.84714,0.84698,1.50,3.00
08.04.2013 00:34:17.170,0.84713,0.84697,1.50,3.00
08.04.2013 00:34:19.112,0.84713,0.84696,2.25,1.50
08.04.2013 00:34:19.662,0.84713,0.84696,2.25,1.50
08.04.2013 00:34:20.152,0.84710,0.84695,1.13,1.88
08.04.2013 00:34:20.342,0.84713,0.84699,3.00,1.50
08.04.2013 00:34:20.411,0.84715,0.84700,1.13,1.50
08.04.2013 00:34:20.664,0.84718,0.84701,1.50,1.50
08.04.2013 00:34:21.211,0.84717,0.84703,1.50,1.50
08.04.2013 00:34:28.863,0.84721,0.84705,1.88,1.50
08.04.2013 00:34:28.934,0.84721,0.84703,1.88,1.50
08.04.2013 00:34:29.192,0.84720,0.84704,1.50,1.50
08.04.2013 00:34:32.854,0.84718,0.84703,1.50,2.63
08.04.2013 00:34:34.710,0.84717,0.84703,1.50,1.88
08.04.2013 00:34:34.905,0.84716,0.84701,1.50,2.25
08.04.2013 00:35:02.960,0.84716,0.84700,1.50,1.50
08.04.2013 00:35:03.321,0.84716,0.84702,1.13,1.50
08.04.2013 00:35:03.651,0.84720,0.84704,1.50,1.50
08.04.2013 00:35:04.200,0.84719,0.84704,1.50,1.50
08.04.2013 00:35:07.691,0.84718,0.84704,1.50,1.50
08.04.2013 00:35:08.201,0.84718,0.84703,1.50,1.50
08.04.2013 00:35:10.864,0.84717,0.84703,1.50,1.50
08.04.2013 00:35:19.801,0.84718,0.84703,1.50,1.50
08.04.2013 00:35:20.340,0.84719,0.84703,2.25,1.88
08.04.2013 00:35:20.857,0.84720,0.84703,2.25,1.88
08.04.2013 00:35:20.980,0.84720,0.84705,1.50,1.50
08.04.2013 00:35:26.061,0.84721,0.84706,1.50,1.50
08.04.2013 00:35:28.740,0.84721,0.84705,2.25,1.50
08.04.2013 00:35:29.842,0.84720,0.84705,1.50,1.50
08.04.2013 00:35:30.163,0.84718,0.84703,1.50,1.50
08.04.2013 00:35:30.721,0.84718,0.84703,1.50,1.50
08.04.2013 00:35:38.130,0.84720,0.84703,2.25,1.50
08.04.2013 00:35:38.721,0.84720,0.84704,2.25,1.50
08.04.2013 00:35:46.103,0.84720,0.84704,2.25,1.50
08.04.2013 00:35:58.520,0.84720,0.84704,2.25,1.50
08.04.2013 00:36:07.783,0.84718,0.84703,1.50,1.50
08.04.2013 00:36:08.093,0.84716,0.84701,1.50,1.50
08.04.2013 00:36:08.461,0.84715,0.84700,1.50,1.50
08.04.2013 00:36:11.661,0.84715,0.84700,1.50,1.50
08.04.2013 00:36:16.473,0.84716,0.84701,1.50,1.50
08.04.2013 00:36:31.091,0.84715,0.84700,1.50,1.88
08.04.2013 00:36:31.343,0.84715,0.84700,2.25,1.50
08.04.2013 00:36:31.891,0.84714,0.84698,2.25,1.50
08.04.2013 00:36:33.381,0.84714,0.84698,2.63,1.88
08.04.2013 00:36:33.691,0.84713,0.84697,1.88,1.50
08.04.2013 00:36:34.110,0.84712,0.84697,1.50,2.25
08.04.2013 00:36:34.621,0.84712,0.84697,2.25,2.25
08.04.2013 00:36:36.262,0.84712,0.84697,1.50,1.50
08.04.2013 00:36:36.391,0.84712,0.84696,1.88,1.50
08.04.2013 00:36:40.441,0.84708,0.84694,1.88,1.50
08.04.2013 00:36:46.370,0.84710,0.84695,1.50,1.50
08.04.2013 00:36:52.211,0.84708,0.84693,1.50,1.50
08.04.2013 00:36:52.751,0.84708,0.84692,1.50,1.88
08.04.2013 00:36:53.340,0.84708,0.84692,1.50,1.88
08.04.2013 00:36:56.782,0.84708,0.84692,1.50,1.50
08.04.2013 00:36:58.741,0.84709,0.84692,1.50,1.50
08.04.2013 00:36:59.301,0.84708,0.84693,1.50,1.13
08.04.2013 00:37:09.153,0.84708,0.84692,3.00,1.50
08.04.2013 00:37:20.462,0.84709,0.84694,3.75,1.50
08.04.2013 00:37:21.603,0.84707,0.84693,1.50,1.50
08.04.2013 00:37:21.732,0.84707,0.84692,2.25,1.50
08.04.2013 00:37:21.982,0.84707,0.84690,3.00,1.50
08.04.2013 00:37:22.172,0.84704,0.84689,1.50,1.88
08.04.2013 00:37:28.750,0.84703,0.84689,1.50,1.50
08.04.2013 00:37:29.472,0.84704,0.84689,2.25,1.50
08.04.2013 00:37:35.763,0.84704,0.84689,1.50,1.50
08.04.2013 00:37:37.721,0.84704,0.84689,2.25,1.50
08.04.2013 00:37:41.911,0.84704,0.84689,2.25,1.50
08.04.2013 00:37:45.533,0.84704,0.84689,1.50,2.63
08.04.2013 00:37:45.869,0.84708,0.84691,1.88,2.25
08.04.2013 00:37:46.191,0.84707,0.84693,1.13,1.50
08.04.2013 00:37:47.231,0.84706,0.84692,1.50,1.50
08.04.2013 00:37:47.311,0.84706,0.84690,1.50,1.50
08.04.2013 00:37:48.998,0.84705,0.84690,1.50,1.50
08.04.2013 00:37:49.112,0.84705,0.84690,1.50,1.50
08.04.2013 00:37:49.372,0.84705,0.84690,1.50,1.50
08.04.2013 00:37:53.352,0.84703,0.84687,2.25,1.65
08.04.2013 00:37:53.671,0.84702,0.84687,1.13,1.50
08.04.2013 00:37:54.211,0.84701,0.84687,1.50,1.50
08.04.2013 00:37:58.441,0.84701,0.84687,1.50,1.50
08.04.2013 00:37:59.162,0.84701,0.84687,1.50,1.50
08.04.2013 00:38:00.922,0.84702,0.84687,3.00,1.50
08.04.2013 00:38:01.172,0.84702,0.84688,2.63,1.50
08.04.2013 00:38:02.925,0.84702,0.84688,1.13,1.50
08.04.2013 00:38:03.432,0.84702,0.84687,1.88,1.50
08.04.2013 00:38:08.461,0.84704,0.84688,1.88,1.50
08.04.2013 00:38:08.522,0.84705,0.84688,1.13,1.50
08.04.2013 00:38:08.831,0.84705,0.84688,1.88,1.50
08.04.2013 00:38:09.071,0.84705,0.84690,1.88,1.50
08.04.2013 00:38:09.444,0.84705,0.84690,2.63,2.25
08.04.2013 00:38:10.978,0.84705,0.84690,1.50,1.50
08.04.2013 00:38:11.293,0.84703,0.84689,1.50,2.25
08.04.2013 00:38:11.663,0.84701,0.84687,3.38,1.50
08.04.2013 00:38:12.383,0.84700,0.84687,1.50,1.50
08.04.2013 00:38:12.461,0.84700,0.84687,1.50,1.50
08.04.2013 00:38:13.242,0.84700,0.84686,1.50,1.13
08.04.2013 00:38:13.925,0.84699,0.84684,1.13,1.50
08.04.2013 00:38:14.412,0.84700,0.84686,1.13,1.50
08.04.2013 00:38:21.179,0.84700,0.84686,1.13,1.50
08.04.2013 00:38:24.833,0.84702,0.84687,3.00,1.50
08.04.2013 00:38:39.109,0.84701,0.84686,2.25,1.50
08.04.2013 00:38:39.817,0.84700,0.84686,1.13,1.50
08.04.2013 00:38:40.180,0.84701,0.84686,1.13,1.50
08.04.2013 00:38:48.151,0.84701,0.84686,1.50,1.50
08.04.2013 00:38:53.521,0.84701,0.84687,1.50,1.50
08.04.2013 00:38:54.073,0.84701,0.84687,2.25,1.50
08.04.2013 00:38:54.383,0.84701,0.84690,1.50,1.50
08.04.2013 00:38:59.041,0.84703,0.84690,1.50,1.50
08.04.2013 00:38:59.580,0.84704,0.84691,1.13,1.50
08.04.2013 00:39:04.221,0.84706,0.84691,1.65,1.50
08.04.2013 00:39:04.582,0.84706,0.84692,1.50,2.25
08.04.2013 00:39:05.202,0.84706,0.84691,2.78,2.25
08.04.2013 00:39:06.161,0.84705,0.84691,1.65,2.25
08.04.2013 00:39:06.803,0.84704,0.84691,1.50,2.25
08.04.2013 00:39:09.703,0.84704,0.84691,2.25,2.25
08.04.2013 00:39:21.913,0.84704,0.84691,1.88,2.25
08.04.2013 00:39:33.675,0.84704,0.84691,1.50,2.25
08.04.2013 00:40:02.210,0.84704,0.84691,1.50,2.25
08.04.2013 00:40:06.358,0.84706,0.84689,1.50,1.50
08.04.2013 00:40:06.860,0.84706,0.84691,1.88,1.50
08.04.2013 00:40:09.611,0.84706,0.84692,1.13,1.50
08.04.2013 00:40:10.157,0.84708,0.84692,3.38,1.13
08.04.2013 00:40:10.742,0.84705,0.84691,1.50,1.50
08.04.2013 00:40:10.932,0.84705,0.84691,1.13,1.50
08.04.2013 00:40:12.681,0.84705,0.84691,1.13,1.50
08.04.2013 00:40:13.222,0.84706,0.84691,2.25,2.25
08.04.2013 00:40:13.771,0.84705,0.84691,1.88,1.50
08.04.2013 00:40:13.953,0.84705,0.84692,1.88,1.50
08.04.2013 00:40:14.201,0.84705,0.84691,1.88,1.50
08.04.2013 00:40:15.891,0.84706,0.84692,2.25,1.50
08.04.2013 00:40:16.411,0.84705,0.84692,1.88,1.50
08.04.2013 00:40:22.716,0.84706,0.84692,1.88,1.50
08.04.2013 00:40:23.748,0.84705,0.84692,1.50,1.50
08.04.2013 00:40:24.401,0.84705,0.84690,2.63,3.00
08.04.2013 00:40:30.012,0.84704,0.84691,1.13,1.50
08.04.2013 00:40:30.383,0.84706,0.84692,3.75,1.50
08.04.2013 00:40:30.453,0.84706,0.84692,2.25,1.50
08.04.2013 00:40:31.003,0.84706,0.84692,1.50,2.25
08.04.2013 00:40:31.523,0.84706,0.84691,2.25,2.25
08.04.2013 00:40:35.250,0.84705,0.84691,1.50,1.50
08.04.2013 00:40:35.774,0.84705,0.84690,2.63,3.00
08.04.2013 00:40:40.323,0.84704,0.84690,3.75,3.00
08.04.2013 00:40:40.694,0.84702,0.84690,4.50,2.25
08.04.2013 00:40:41.199,0.84700,0.84690,1.13,1.50
08.04.2013 00:40:44.751,0.84700,0.84690,1.13,1.50
08.04.2013 00:40:45.452,0.84699,0.84686,1.50,1.50
08.04.2013 00:40:45.702,0.84701,0.84687,1.50,1.50
08.04.2013 00:40:45.952,0.84703,0.84687,2.25,2.25
08.04.2013 00:40:46.462,0.84703,0.84688,2.25,1.50
08.04.2013 00:40:53.003,0.84703,0.84687,2.25,2.25
08.04.2013 00:40:54.112,0.84703,0.84687,1.50,2.25
08.04.2013 00:41:04.732,0.84703,0.84689,1.50,1.50
08.04.2013 00:41:07.611,0.84703,0.84689,1.50,2.25
08.04.2013 00:41:09.163,0.84704,0.84689,1.88,2.25
08.04.2013 00:41:09.711,0.84704,0.84689,1.88,3.00
08.04.2013 00:41:15.640,0.84704,0.84688,1.50,1.88
08.04.2013 00:41:16.002,0.84702,0.84688,1.50,1.13
08.04.2013 00:41:16.361,0.84700,0.84685,1.50,1.88
08.04.2013 00:41:16.721,0.84700,0.84685,1.50,1.13
08.04.2013 00:41:19.423,0.84700,0.84685,1.88,1.50
08.04.2013 00:41:19.624,0.84702,0.84686,2.63,1.50
08.04.2013 00:41:22.153,0.84701,0.84685,1.50,2.25
08.04.2013 00:41:22.402,0.84699,0.84684,1.88,2.25
08.04.2013 00:41:23.183,0.84698,0.84682,1.88,1.50
08.04.2013 00:41:24.532,0.84698,0.84683,1.50,1.88
08.04.2013 00:41:24.664,0.84699,0.84685,1.50,1.50
08.04.2013 00:41:25.271,0.84699,0.84684,1.50,1.50
08.04.2013 00:41:26.602,0.84700,0.84685,3.00,2.25
08.04.2013 00:41:26.792,0.84702,0.84686,2.63,1.50
08.04.2013 00:41:27.103,0.84704,0.84690,1.88,1.50
08.04.2013 00:41:27.412,0.84704,0.84690,1.13,2.25
08.04.2013 00:41:27.962,0.84703,0.84688,1.13,1.50
08.04.2013 00:41:28.213,0.84705,0.84688,2.63,1.50
08.04.2013 00:41:28.466,0.84705,0.84689,1.88,1.50
08.04.2013 00:41:28.892,0.84704,0.84688,1.50,2.25
08.04.2013 00:41:35.711,0.84706,0.84689,3.00,1.50
08.04.2013 00:41:36.694,0.84706,0.84691,1.50,1.50
08.04.2013 00:41:37.014,0.84707,0.84693,1.50,1.50
08.04.2013 00:41:37.272,0.84707,0.84692,1.50,1.50
08.04.2013 00:41:37.833,0.84707,0.84691,3.00,1.50
08.04.2013 00:41:38.363,0.84706,0.84691,1.50,1.50
08.04.2013 00:41:38.922,0.84707,0.84692,2.25,1.50
08.04.2013 00:41:39.232,0.84708,0.84694,1.50,1.50
08.04.2013 00:41:39.542,0.84708,0.84692,1.50,1.88
08.04.2013 00:41:39.663,0.84706,0.84692,1.50,1.13
08.04.2013 00:41:40.214,0.84709,0.84692,2.25,2.63
08.04.2013 00:41:40.761,0.84708,0.84692,1.50,2.63
08.04.2013 00:41:52.142,0.84708,0.84692,1.50,1.50
08.04.2013 00:41:53.376,0.84709,0.84692,1.88,1.50
08.04.2013 00:41:56.964,0.84708,0.84691,1.13,2.25
08.04.2013 00:41:57.542,0.84708,0.84691,1.13,3.00
08.04.2013 00:42:02.981,0.84704,0.84691,1.50,1.50
08.04.2013 00:42:09.692,0.84705,0.84690,1.50,3.00
08.04.2013 00:42:21.711,0.84706,0.84690,1.88,2.63
08.04.2013 00:42:31.103,0.84706,0.84691,2.25,1.50
08.04.2013 00:42:41.472,0.84704,0.84690,1.50,1.50
08.04.2013 00:42:53.366,0.84706,0.84692,2.25,1.50
08.04.2013 00:43:11.172,0.84705,0.84691,1.50,1.50
08.04.2013 00:43:11.694,0.84704,0.84691,1.50,1.50
08.04.2013 00:43:17.604,0.84704,0.84688,2.25,1.50
08.04.2013 00:43:17.933,0.84703,0.84687,3.00,1.50
08.04.2013 00:43:18.134,0.84701,0.84687,1.13,1.50
08.04.2013 00:43:20.621,0.84698,0.84684,1.50,1.50
08.04.2013 00:43:21.131,0.84697,0.84684,1.50,1.50
08.04.2013 00:43:29.427,0.84696,0.84682,1.50,1.88
08.04.2013 00:43:29.971,0.84697,0.84683,1.50,1.50
08.04.2013 00:43:32.703,0.84696,0.84682,1.13,1.50
08.04.2013 00:43:33.244,0.84696,0.84681,1.13,1.13
08.04.2013 00:43:33.763,0.84696,0.84679,1.88,1.50
08.04.2013 00:43:34.381,0.84696,0.84679,2.63,1.50
08.04.2013 00:43:37.082,0.84693,0.84677,2.25,1.28
08.04.2013 00:43:39.382,0.84693,0.84677,1.88,1.28
08.04.2013 00:43:39.901,0.84691,0.84677,1.50,1.28
08.04.2013 00:43:42.697,0.84692,0.84677,1.50,2.40
08.04.2013 00:43:43.022,0.84693,0.84678,1.50,1.50
08.04.2013 00:43:43.572,0.84693,0.84678,3.00,1.50
08.04.2013 00:43:45.713,0.84693,0.84678,3.00,1.50
08.04.2013 00:43:46.317,0.84692,0.84678,1.50,1.50
08.04.2013 00:43:47.353,0.84693,0.84678,1.50,1.50
08.04.2013 00:43:47.705,0.84696,0.84679,2.25,1.65
08.04.2013 00:43:48.541,0.84695,0.84681,1.50,1.65
08.04.2013 00:43:50.051,0.84695,0.84681,1.50,1.65
08.04.2013 00:43:50.602,0.84695,0.84680,3.00,1.50
08.04.2013 00:43:55.212,0.84695,0.84680,2.25,1.50
08.04.2013 00:44:00.482,0.84695,0.84680,1.50,1.88
08.04.2013 00:44:07.272,0.84696,0.84681,2.25,1.13
08.04.2013 00:44:07.403,0.84697,0.84683,1.50,1.50
08.04.2013 00:44:07.473,0.84697,0.84683,1.50,1.50
08.04.2013 00:44:08.022,0.84697,0.84682,2.03,1.50
08.04.2013 00:44:08.571,0.84697,0.84680,2.78,2.25
08.04.2013 00:44:09.745,0.84698,0.84681,3.00,1.50
08.04.2013 00:44:10.543,0.84698,0.84683,1.50,1.50
08.04.2013 00:44:12.606,0.84697,0.84683,1.50,3.15
08.04.2013 00:44:13.037,0.84696,0.84680,1.50,2.25
08.04.2013 00:44:13.105,0.84697,0.84680,1.50,2.25
08.04.2013 00:44:13.471,0.84699,0.84683,2.40,1.50
08.04.2013 00:44:13.591,0.84699,0.84683,2.40,1.50
08.04.2013 00:44:13.652,0.84699,0.84683,2.40,2.25
08.04.2013 00:44:28.768,0.84699,0.84683,2.78,1.50
08.04.2013 00:44:31.972,0.84696,0.84683,3.75,1.50
08.04.2013 00:44:34.333,0.84695,0.84681,3.75,2.25
08.04.2013 00:44:35.862,0.84695,0.84681,3.75,2.25
08.04.2013 00:44:36.103,0.84693,0.84681,3.75,2.25
08.04.2013 00:44:37.465,0.84694,0.84681,4.50,1.50
08.04.2013 00:44:40.831,0.84694,0.84680,1.50,1.65
08.04.2013 00:44:40.895,0.84695,0.84681,1.50,1.50
08.04.2013 00:44:41.263,0.84697,0.84682,2.03,1.50
08.04.2013 00:44:44.422,0.84697,0.84682,1.13,3.00
08.04.2013 00:44:47.914,0.84700,0.84684,2.63,1.50
08.04.2013 00:44:49.055,0.84696,0.84681,1.88,2.25
08.04.2013 00:44:49.837,0.84696,0.84680,2.63,1.50
08.04.2013 00:44:50.385,0.84694,0.84680,1.50,1.50
08.04.2013 00:44:51.262,0.84693,0.84679,1.13,2.25
08.04.2013 00:44:51.394,0.84691,0.84678,1.50,2.25
08.04.2013 00:44:51.942,0.84694,0.84678,2.25,1.50
08.04.2013 00:44:52.062,0.84693,0.84678,1.13,2.25
08.04.2013 00:44:52.372,0.84696,0.84681,1.50,1.50
08.04.2013 00:44:52.933,0.84697,0.84682,1.50,2.25
08.04.2013 00:44:53.442,0.84697,0.84682,1.50,2.25
08.04.2013 00:44:53.957,0.84697,0.84682,1.50,3.00
08.04.2013 00:44:55.082,0.84697,0.84682,1.50,3.00
08.04.2013 00:44:58.692,0.84697,0.84682,1.50,1.50
08.04.2013 00:45:02.054,0.84697,0.84681,1.50,2.25
08.04.2013 00:45:02.186,0.84697,0.84681,1.50,3.00
08.04.2013 00:45:03.223,0.84698,0.84682,2.25,3.00
08.04.2013 00:45:06.361,0.84697,0.84682,1.50,3.00
08.04.2013 00:45:07.069,0.84697,0.84682,1.50,3.75
08.04.2013 00:45:07.394,0.84700,0.84685,2.25,3.00
08.04.2013 00:45:07.594,0.84704,0.84688,1.50,1.50
08.04.2013 00:45:07.722,0.84704,0.84689,1.50,2.40
08.04.2013 00:45:09.084,0.84706,0.84692,1.50,1.50
08.04.2013 00:45:09.547,0.84706,0.84692,1.50,1.50
08.04.2013 00:45:10.552,0.84707,0.84692,1.50,1.50
08.04.2013 00:45:12.213,0.84708,0.84693,1.50,1.50
08.04.2013 00:45:12.463,0.84707,0.84690,1.50,3.00
08.04.2013 00:45:12.594,0.84705,0.84690,1.50,1.50
08.04.2013 00:45:13.153,0.84706,0.84689,2.25,1.65
08.04.2013 00:45:13.223,0.84706,0.84689,2.25,1.65
08.04.2013 00:45:13.971,0.84704,0.84688,1.50,2.25
08.04.2013 00:45:14.941,0.84704,0.84689,1.50,1.50
08.04.2013 00:45:15.442,0.84703,0.84688,2.25,1.50
08.04.2013 00:45:15.981,0.84703,0.84688,2.25,1.50
08.04.2013 00:45:16.722,0.84701,0.84687,1.13,1.50
08.04.2013 00:45:16.972,0.84701,0.84687,1.13,1.50
08.04.2013 00:45:17.153,0.84699,0.84684,1.13,2.25
08.04.2013 00:45:17.402,0.84699,0.84684,1.13,1.50
08.04.2013 00:45:17.906,0.84699,0.84683,1.88,1.50
08.04.2013 00:45:19.622,0.84699,0.84683,1.50,1.50
08.04.2013 00:45:19.801,0.84699,0.84682,1.50,3.00
08.04.2013 00:45:21.769,0.84698,0.84682,1.50,1.50
08.04.2013 00:45:22.364,0.84698,0.84682,1.50,3.00
08.04.2013 00:45:25.212,0.84698,0.84682,1.50,3.00
08.04.2013 00:45:25.274,0.84700,0.84684,3.00,1.50
08.04.2013 00:45:25.702,0.84701,0.84685,3.38,2.25
08.04.2013 00:45:25.892,0.84701,0.84685,2.07,2.25
08.04.2013 00:45:26.201,0.84701,0.84685,3.94,2.25
08.04.2013 00:45:28.924,0.84701,0.84685,2.63,1.50
08.04.2013 00:45:42.121,0.84701,0.84685,1.13,2.25
08.04.2013 00:45:57.163,0.84700,0.84685,1.13,1.50
08.04.2013 00:45:57.233,0.84698,0.84685,1.50,1.50
08.04.2013 00:45:57.365,0.84699,0.84684,1.50,1.50
08.04.2013 00:46:00.629,0.84699,0.84684,1.50,1.50
08.04.2013 00:46:14.422,0.84699,0.84684,1.13,1.50
08.04.2013 00:46:14.551,0.84696,0.84681,1.13,2.25
08.04.2013 00:46:15.091,0.84698,0.84683,2.25,1.50
08.04.2013 00:46:20.642,0.84696,0.84683,1.13,1.50
08.04.2013 00:46:20.883,0.84695,0.84682,1.50,1.50
08.04.2013 00:46:20.953,0.84695,0.84682,1.50,1.50
08.04.2013 00:46:22.074,0.84695,0.84680,1.13,2.25
08.04.2013 00:46:22.591,0.84696,0.84682,1.13,1.50
08.04.2013 00:46:23.992,0.84695,0.84680,1.13,1.50
08.04.2013 00:46:24.185,0.84694,0.84679,1.88,1.50
08.04.2013 00:46:24.742,0.84693,0.84678,1.50,1.50
08.04.2013 00:46:31.697,0.84692,0.84678,1.13,2.25
08.04.2013 00:46:32.094,0.84691,0.84678,1.13,1.50
08.04.2013 00:46:32.652,0.84692,0.84679,1.13,1.50
08.04.2013 00:46:33.161,0.84693,0.84679,1.50,1.50
08.04.2013 00:46:33.522,0.84692,0.84679,1.50,1.50
08.04.2013 00:46:33.583,0.84693,0.84677,2.25,2.25
08.04.2013 00:46:33.898,0.84695,0.84680,1.50,1.50
08.04.2013 00:46:34.382,0.84695,0.84680,1.50,1.50
08.04.2013 00:46:40.202,0.84695,0.84680,1.50,1.50
08.04.2013 00:46:43.923,0.84693,0.84680,1.50,1.50
08.04.2013 00:46:46.662,0.84693,0.84680,1.50,1.50
08.04.2013 00:46:50.322,0.84693,0.84680,1.13,1.50
08.04.2013 00:46:55.954,0.84693,0.84680,1.50,1.50
08.04.2013 00:47:01.254,0.84693,0.84680,1.13,1.50
08.04.2013 00:47:02.323,0.84693,0.84680,1.13,1.50
08.04.2013 00:47:02.453,0.84695,0.84681,1.13,1.50
08.04.2013 00:47:02.522,0.84695,0.84680,5.25,1.50
08.04.2013 00:47:02.882,0.84695,0.84680,2.25,1.50
08.04.2013 00:47:04.312,0.84695,0.84680,2.25,1.50
08.04.2013 00:47:04.502,0.84695,0.84681,1.50,1.50
08.04.2013 00:47:04.813,0.84695,0.84682,1.50,1.50
08.04.2013 00:47:05.002,0.84698,0.84682,2.63,3.75
08.04.2013 00:47:06.634,0.84700,0.84685,2.63,1.50
08.04.2013 00:47:07.193,0.84700,0.84686,2.25,1.50
08.04.2013 00:47:31.744,0.84699,0.84685,1.50,1.50
08.04.2013 00:47:31.813,0.84698,0.84683,1.50,3.75
08.04.2013 00:47:32.362,0.84699,0.84682,2.25,2.25
08.04.2013 00:47:33.326,0.84699,0.84683,2.25,1.50
08.04.2013 00:47:37.615,0.84700,0.84683,1.50,1.50
08.04.2013 00:47:38.373,0.84700,0.84685,1.50,1.50
08.04.2013 00:47:39.733,0.84699,0.84684,2.25,1.50
08.04.2013 00:47:40.234,0.84699,0.84682,2.25,2.25
08.04.2013 00:47:46.436,0.84695,0.84681,1.50,1.50
08.04.2013 00:47:46.994,0.84695,0.84680,3.00,1.50
08.04.2013 00:47:49.532,0.84695,0.84680,3.75,1.50
08.04.2013 00:47:49.592,0.84695,0.84680,3.75,1.50
08.04.2013 00:47:56.373,0.84694,0.84678,1.50,3.00
08.04.2013 00:47:57.335,0.84695,0.84679,2.25,1.50
08.04.2013 00:47:57.403,0.84695,0.84681,1.50,1.50
08.04.2013 00:47:57.592,0.84697,0.84682,1.50,1.50
08.04.2013 00:47:57.662,0.84698,0.84682,2.25,2.25
08.04.2013 00:47:57.963,0.84700,0.84684,3.38,2.25
08.04.2013 00:48:00.022,0.84699,0.84684,1.50,2.25
08.04.2013 00:48:05.043,0.84699,0.84684,2.25,1.50
08.04.2013 00:48:05.625,0.84696,0.84682,1.50,1.50
08.04.2013 00:48:11.404,0.84697,0.84680,1.50,2.25
08.04.2013 00:48:12.453,0.84697,0.84680,2.25,2.25
08.04.2013 00:48:13.784,0.84697,0.84680,2.25,2.25
08.04.2013 00:48:16.972,0.84697,0.84680,2.25,1.50
08.04.2013 00:48:19.352,0.84697,0.84680,1.50,1.50
08.04.2013 00:48:37.432,0.84698,0.84681,2.25,2.25
08.04.2013 00:48:37.962,0.84697,0.84681,1.50,1.50
08.04.2013 00:48:38.037,0.84695,0.84681,1.50,1.50
08.04.2013 00:48:38.999,0.84696,0.84679,2.63,1.50
08.04.2013 00:48:39.945,0.84692,0.84677,2.25,1.50
08.04.2013 00:48:40.268,0.84691,0.84676,1.50,1.50
08.04.2013 00:48:40.824,0.84692,0.84677,1.50,1.50
08.04.2013 00:48:42.047,0.84694,0.84678,1.50,2.25
08.04.2013 00:48:42.125,0.84697,0.84681,1.50,2.25
08.04.2013 00:48:42.473,0.84696,0.84681,1.50,2.25
08.04.2013 00:48:46.492,0.84696,0.84681,1.50,2.25
08.04.2013 00:48:52.583,0.84694,0.84680,1.50,1.50
08.04.2013 00:48:53.244,0.84695,0.84680,1.50,1.50
08.04.2013 00:49:01.433,0.84697,0.84681,2.25,1.50
08.04.2013 00:49:01.974,0.84696,0.84681,1.50,2.25
08.04.2013 00:49:02.104,0.84697,0.84683,1.50,1.50
08.04.2013 00:49:02.998,0.84698,0.84684,1.50,3.00
08.04.2013 00:49:03.146,0.84702,0.84686,2.25,2.25
08.04.2013 00:49:03.705,0.84702,0.84689,2.25,1.50
08.04.2013 00:49:05.354,0.84702,0.84687,2.25,1.50
08.04.2013 00:49:08.684,0.84703,0.84687,2.25,1.50
08.04.2013 00:49:20.762,0.84703,0.84688,1.50,1.50
08.04.2013 00:49:29.011,0.84702,0.84688,2.25,1.13
08.04.2013 00:49:42.733,0.84701,0.84686,3.75,2.63
08.04.2013 00:49:43.366,0.84700,0.84686,1.50,2.63
08.04.2013 00:49:45.582,0.84701,0.84686,1.50,1.88
08.04.2013 00:49:45.762,0.84701,0.84686,2.25,1.13
08.04.2013 00:49:45.944,0.84700,0.84685,1.65,1.88
08.04.2013 00:49:46.084,0.84699,0.84682,1.88,2.85
08.04.2013 00:49:47.002,0.84698,0.84682,2.25,1.50
08.04.2013 00:49:48.285,0.84696,0.84680,3.00,1.50
08.04.2013 00:49:54.167,0.84696,0.84682,1.50,1.13
08.04.2013 00:49:54.414,0.84698,0.84684,2.25,1.88
08.04.2013 00:49:54.544,0.84700,0.84684,3.15,1.88
08.04.2013 00:49:55.214,0.84699,0.84684,1.50,2.63
08.04.2013 00:49:55.583,0.84698,0.84684,1.13,1.88
08.04.2013 00:49:55.892,0.84697,0.84684,2.25,1.13
08.04.2013 00:50:05.223,0.84695,0.84680,1.50,2.25
08.04.2013 00:50:12.092,0.84696,0.84682,1.88,3.00
08.04.2013 00:50:17.672,0.84698,0.84681,3.00,1.13
08.04.2013 00:50:19.272,0.84698,0.84681,2.25,2.63
08.04.2013 00:50:25.233,0.84698,0.84683,1.13,1.50
08.04.2013 00:50:25.543,0.84701,0.84686,2.40,1.13
08.04.2013 00:50:25.672,0.84701,0.84686,2.40,1.88
08.04.2013 00:50:26.223,0.84701,0.84686,1.50,1.88
08.04.2013 00:50:29.852,0.84701,0.84686,1.50,1.88
08.04.2013 00:50:49.093,0.84701,0.84686,1.13,2.25
08.04.2013 00:50:55.796,0.84701,0.84686,1.13,1.50
08.04.2013 00:51:06.595,0.84701,0.84686,1.13,2.25
08.04.2013 00:51:11.720,0.84701,0.84686,1.50,2.25
08.04.2013 00:51:13.493,0.84701,0.84687,1.50,1.50
08.04.2013 00:51:14.033,0.84702,0.84687,1.50,1.50
08.04.2013 00:51:14.246,0.84702,0.84687,1.50,1.50
08.04.2013 00:51:15.333,0.84701,0.84687,1.13,1.50
08.04.2013 00:51:15.524,0.84699,0.84684,1.88,1.50
08.04.2013 00:51:15.653,0.84699,0.84684,1.88,2.25
08.04.2013 00:51:15.782,0.84697,0.84683,1.13,1.50
08.04.2013 00:51:16.143,0.84695,0.84679,1.50,1.88
08.04.2013 00:51:16.202,0.84693,0.84678,2.25,1.88
08.04.2013 00:51:16.742,0.84692,0.84677,2.25,1.88
08.04.2013 00:51:16.923,0.84692,0.84678,1.50,1.13
08.04.2013 00:51:17.646,0.84692,0.84678,1.50,3.38
08.04.2013 00:51:18.171,0.84694,0.84678,1.88,3.00
08.04.2013 00:51:18.701,0.84694,0.84678,1.88,3.00
08.04.2013 00:51:19.361,0.84694,0.84678,1.88,3.00
08.04.2013 00:51:19.891,0.84693,0.84678,1.50,3.00
08.04.2013 00:51:23.643,0.84694,0.84678,1.13,1.50
08.04.2013 00:51:26.533,0.84692,0.84677,1.50,1.13
08.04.2013 00:51:47.323,0.84692,0.84677,2.25,1.13
08.04.2013 00:51:48.412,0.84692,0.84677,2.25,1.88
08.04.2013 00:51:48.952,0.84691,0.84677,2.25,1.88
08.04.2013 00:51:50.204,0.84690,0.84677,1.50,1.88
08.04.2013 00:51:50.799,0.84690,0.84677,1.50,1.88
08.04.2013 00:51:51.295,0.84690,0.84679,1.50,1.13
08.04.2013 00:51:52.340,0.84691,0.84679,1.50,1.13
08.04.2013 00:51:52.872,0.84691,0.84679,1.50,1.13
08.04.2013 00:51:53.412,0.84692,0.84679,1.50,1.13
08.04.2013 00:51:54.253,0.84691,0.84674,2.63,2.25
08.04.2013 00:51:56.178,0.84691,0.84674,2.63,1.50
08.04.2013 00:51:58.355,0.84691,0.84674,2.63,1.50
08.04.2013 00:52:01.903,0.84691,0.84674,3.38,1.50
08.04.2013 00:52:08.445,0.84691,0.84674,2.63,1.50
08.04.2013 00:52:08.643,0.84691,0.84674,3.53,1.50
08.04.2013 00:52:08.973,0.84685,0.84674,1.50,1.50
08.04.2013 00:52:09.282,0.84688,0.84677,1.50,1.50
08.04.2013 00:52:10.120,0.84690,0.84678,1.13,1.50
08.04.2013 00:52:10.198,0.84693,0.84679,2.25,1.50
08.04.2013 00:52:10.734,0.84693,0.84679,1.50,1.50
08.04.2013 00:52:11.374,0.84694,0.84680,1.50,1.13
08.04.2013 00:52:11.503,0.84694,0.84681,1.50,1.50
08.04.2013 00:52:12.053,0.84696,0.84682,3.00,1.50
08.04.2013 00:52:12.472,0.84695,0.84679,1.50,1.13
08.04.2013 00:52:13.592,0.84694,0.84679,1.88,1.50
08.04.2013 00:52:14.145,0.84694,0.84680,1.88,1.13
08.04.2013 00:52:14.753,0.84694,0.84681,1.50,1.50
08.04.2013 00:52:14.827,0.84694,0.84680,2.25,1.50
08.04.2013 00:52:15.373,0.84693,0.84678,1.50,2.25
08.04.2013 00:52:19.452,0.84692,0.84678,3.00,1.50
08.04.2013 00:52:39.314,0.84692,0.84678,3.00,2.25
08.04.2013 00:52:40.004,0.84692,0.84677,3.75,2.25
08.04.2013 00:52:41.003,0.84692,0.84678,3.75,1.50
08.04.2013 00:52:41.074,0.84692,0.84678,3.75,2.25
08.04.2013 00:52:46.353,0.84692,0.84679,2.25,1.50
08.04.2013 00:52:46.595,0.84693,0.84679,1.50,3.75
08.04.2013 00:52:46.910,0.84695,0.84683,1.50,1.88
08.04.2013 00:52:47.226,0.84698,0.84684,1.50,1.13
08.04.2013 00:52:47.294,0.84698,0.84684,1.50,1.13
08.04.2013 00:52:47.783,0.84700,0.84686,2.25,1.13
08.04.2013 00:52:48.612,0.84701,0.84686,2.25,1.88
08.04.2013 00:52:49.232,0.84699,0.84686,2.25,1.50
08.04.2013 00:52:49.413,0.84700,0.84684,3.00,2.63
08.04.2013 00:52:49.953,0.84701,0.84686,3.38,1.50
08.04.2013 00:52:50.273,0.84702,0.84686,1.50,1.13
08.04.2013 00:52:50.525,0.84704,0.84688,1.50,1.88
08.04.2013 00:52:50.717,0.84702,0.84687,1.50,1.50
08.04.2013 00:52:50.846,0.84702,0.84686,1.50,1.88
08.04.2013 00:52:51.871,0.84699,0.84685,2.25,1.50
08.04.2013 00:52:52.407,0.84699,0.84684,2.25,1.88
08.04.2013 00:52:54.824,0.84698,0.84685,1.13,1.50
08.04.2013 00:52:56.122,0.84699,0.84684,2.63,1.50
08.04.2013 00:52:57.014,0.84699,0.84683,2.63,1.50
08.04.2013 00:53:04.395,0.84698,0.84683,3.00,1.50
08.04.2013 00:53:07.572,0.84698,0.84683,1.50,2.25
08.04.2013 00:53:08.693,0.84697,0.84683,1.50,1.50
08.04.2013 00:53:08.955,0.84695,0.84680,1.50,2.25
08.04.2013 00:53:09.144,0.84692,0.84679,1.50,1.50
08.04.2013 00:53:09.455,0.84694,0.84679,1.88,1.50
08.04.2013 00:53:09.645,0.84697,0.84682,1.13,3.00
08.04.2013 00:53:10.204,0.84697,0.84683,1.13,1.50
08.04.2013 00:53:10.274,0.84696,0.84682,1.50,1.50
08.04.2013 00:53:12.188,0.84696,0.84682,1.50,1.50
08.04.2013 00:53:12.515,0.84697,0.84684,1.13,1.50
08.04.2013 00:53:16.094,0.84700,0.84686,1.13,1.50
08.04.2013 00:53:16.534,0.84700,0.84685,1.88,1.50
08.04.2013 00:53:16.785,0.84698,0.84683,1.50,3.00
08.04.2013 00:53:17.115,0.84697,0.84682,1.50,2.25
08.04.2013 00:53:17.719,0.84696,0.84682,1.13,1.50
08.04.2013 00:53:22.743,0.84696,0.84681,1.88,1.50
08.04.2013 00:53:23.264,0.84696,0.84681,3.38,1.50
08.04.2013 00:53:24.862,0.84695,0.84680,2.25,1.13
08.04.2013 00:53:27.573,0.84696,0.84681,1.50,1.50
08.04.2013 00:53:27.805,0.84696,0.84681,1.50,1.50
08.04.2013 00:53:29.158,0.84697,0.84683,2.25,2.25
08.04.2013 00:53:29.302,0.84698,0.84683,1.13,2.25
08.04.2013 00:53:29.733,0.84698,0.84684,1.13,1.50
08.04.2013 00:53:30.283,0.84698,0.84683,1.88,2.25
08.04.2013 00:53:31.246,0.84697,0.84681,1.88,1.50
08.04.2013 00:53:31.554,0.84694,0.84680,1.50,2.25
08.04.2013 00:53:32.663,0.84692,0.84679,1.50,1.50
08.04.2013 00:53:33.017,0.84690,0.84677,1.50,1.13
08.04.2013 00:53:33.204,0.84691,0.84678,2.25,1.50
08.04.2013 00:53:33.273,0.84693,0.84679,1.50,1.13
08.04.2013 00:53:33.822,0.84693,0.84678,3.00,2.63
08.04.2013 00:53:41.772,0.84693,0.84679,3.00,1.50
08.04.2013 00:53:42.872,0.84693,0.84679,1.50,1.50
08.04.2013 00:53:44.344,0.84692,0.84678,1.50,1.13
08.04.2013 00:53:44.473,0.84690,0.84676,2.40,1.50
08.04.2013 00:53:44.603,0.84688,0.84673,1.13,2.25
08.04.2013 00:53:44.676,0.84689,0.84673,1.13,2.25
08.04.2013 00:53:44.923,0.84689,0.84673,1.13,3.75
08.04.2013 00:53:45.407,0.84689,0.84674,1.13,1.50
08.04.2013 00:53:45.474,0.84691,0.84676,1.88,1.13
08.04.2013 00:53:45.793,0.84693,0.84678,2.25,1.50
08.04.2013 00:53:46.345,0.84693,0.84677,1.50,1.13
08.04.2013 00:53:46.863,0.84690,0.84676,1.50,1.13
08.04.2013 00:53:47.703,0.84690,0.84676,1.50,1.13
08.04.2013 00:53:47.775,0.84689,0.84674,1.13,1.50
08.04.2013 00:53:49.799,0.84688,0.84672,2.25,2.63
08.04.2013 00:53:56.064,0.84688,0.84671,2.25,1.88
08.04.2013 00:53:58.303,0.84687,0.84672,2.25,1.13
08.04.2013 00:54:00.494,0.84688,0.84671,4.50,1.13
08.04.2013 00:54:00.627,0.84687,0.84671,1.50,1.13
08.04.2013 00:54:01.172,0.84688,0.84671,3.75,1.13
08.04.2013 00:54:01.486,0.84688,0.84671,3.75,1.13
08.04.2013 00:54:03.322,0.84686,0.84669,2.25,1.13
08.04.2013 00:54:03.713,0.84687,0.84672,2.63,1.50
08.04.2013 00:54:04.273,0.84689,0.84674,1.50,1.13
08.04.2013 00:54:04.813,0.84689,0.84674,1.50,1.13
08.04.2013 00:54:13.245,0.84688,0.84674,2.25,1.13
08.04.2013 00:54:13.764,0.84687,0.84674,1.50,1.13
08.04.2013 00:54:14.584,0.84686,0.84671,1.50,1.13
08.04.2013 00:54:15.558,0.84686,0.84671,1.50,1.13
08.04.2013 00:54:20.012,0.84686,0.84671,1.50,1.13
08.04.2013 00:54:20.554,0.84684,0.84670,1.50,1.50
08.04.2013 00:54:21.102,0.84683,0.84667,1.50,2.25
08.04.2013 00:54:23.982,0.84684,0.84668,1.50,1.13
08.04.2013 00:54:24.195,0.84685,0.84671,1.50,1.50
08.04.2013 00:54:26.783,0.84687,0.84672,2.25,1.13
08.04.2013 00:54:27.263,0.84685,0.84669,1.50,1.13
08.04.2013 00:54:27.453,0.84683,0.84669,1.50,1.13
08.04.2013 00:54:30.417,0.84683,0.84669,1.50,1.13
08.04.2013 00:54:33.197,0.84682,0.84669,1.50,1.13
08.04.2013 00:54:33.885,0.84681,0.84666,1.50,1.50
08.04.2013 00:54:34.203,0.84680,0.84664,1.50,1.13
08.04.2013 00:54:34.334,0.84677,0.84662,1.13,2.25
08.04.2013 00:54:37.235,0.84679,0.84664,1.88,2.25
08.04.2013 00:54:37.782,0.84679,0.84665,1.88,1.50
08.04.2013 00:54:42.183,0.84678,0.84664,1.50,1.50
08.04.2013 00:54:42.433,0.84678,0.84663,1.50,1.50
08.04.2013 00:54:42.734,0.84679,0.84664,1.88,1.50
08.04.2013 00:54:42.803,0.84679,0.84665,1.13,1.50
08.04.2013 00:54:43.145,0.84678,0.84664,1.50,1.50
08.04.2013 00:54:43.904,0.84677,0.84662,1.88,2.25
08.04.2013 00:54:44.153,0.84674,0.84660,1.50,1.50
08.04.2013 00:54:44.453,0.84675,0.84661,1.13,1.50
08.04.2013 00:54:44.703,0.84674,0.84660,1.50,1.50
08.04.2013 00:54:45.256,0.84674,0.84660,1.50,1.50
08.04.2013 00:54:45.443,0.84674,0.84657,1.88,3.75
08.04.2013 00:54:46.863,0.84674,0.84657,1.88,2.25
08.04.2013 00:54:46.935,0.84674,0.84659,1.13,1.50
08.04.2013 00:54:47.344,0.84676,0.84661,2.63,1.50
08.04.2013 00:54:47.416,0.84675,0.84660,1.50,1.50
08.04.2013 00:54:48.454,0.84675,0.84660,1.50,2.63
08.04.2013 00:54:48.896,0.84672,0.84658,1.50,3.00
08.04.2013 00:54:52.002,0.84673,0.84658,1.50,1.50
08.04.2013 00:54:52.336,0.84673,0.84658,3.75,1.50
08.04.2013 00:54:52.522,0.84672,0.84659,3.00,1.50
08.04.2013 00:54:53.106,0.84673,0.84659,2.25,1.50
08.04.2013 00:54:53.944,0.84674,0.84659,1.50,1.50
08.04.2013 00:54:54.483,0.84674,0.84660,1.50,1.50
08.04.2013 00:54:55.564,0.84675,0.84660,2.25,1.50
08.04.2013 00:54:56.872,0.84678,0.84664,1.50,1.50
08.04.2013 00:54:57.473,0.84679,0.84664,3.00,1.50
08.04.2013 00:54:59.069,0.84678,0.84664,1.50,1.50
08.04.2013 00:55:00.064,0.84679,0.84664,3.00,1.50
08.04.2013 00:55:00.134,0.84678,0.84662,1.50,1.50
08.04.2013 00:55:00.274,0.84677,0.84661,3.00,3.38
08.04.2013 00:55:00.345,0.84672,0.84661,1.50,2.25
08.04.2013 00:55:00.675,0.84674,0.84658,3.75,1.50
08.04.2013 00:55:00.744,0.84673,0.84658,3.75,1.50
08.04.2013 00:55:00.943,0.84670,0.84656,1.88,1.50
