Time,Ask,Bid,AskVolume,BidVolume
08.04.2013 00:00:00.415,1.29915,1.29910,2.03,1.50
08.04.2013 00:00:00.657,1.29915,1.29910,2.03,1.50
08.04.2013 00:00:00.910,1.29917,1.29912,3.38,1.50
08.04.2013 00:00:01.215,1.29917,1.29913,2.63,1.50
08.04.2013 00:00:01.576,1.29917,1.29916,1.50,2.63
08.04.2013 00:00:01.886,1.29920,1.29917,1.88,1.88
08.04.2013 00:00:02.424,1.29922,1.29918,4.88,1.13
08.04.2013 00:00:02.845,1.29924,1.29920,1.13,2.25
08.04.2013 00:00:02.904,1.29925,1.29920,2.25,1.50
08.04.2013 00:00:03.444,1.29925,1.29921,2.25,1.50
08.04.2013 00:00:04.405,1.29925,1.29920,3.00,3.00
08.04.2013 00:00:05.211,1.29925,1.29921,2.40,1.28
08.04.2013 00:00:05.524,1.29926,1.29922,1.13,5.63
08.04.2013 00:00:06.034,1.29926,1.29922,1.88,1.50
08.04.2013 00:00:06.695,1.29926,1.29922,1.13,1.50
08.04.2013 00:00:11.235,1.29929,1.29925,3.75,1.50
08.04.2013 00:00:11.594,1.29928,1.29924,2.03,2.25
08.04.2013 00:00:12.124,1.29928,1.29924,2.03,1.50
08.04.2013 00:00:12.545,1.29929,1.29926,1.50,3.75
08.04.2013 00:00:12.665,1.29930,1.29928,2.25,2.25
08.04.2013 00:00:12.905,1.29933,1.29926,1.50,2.25
08.04.2013 00:00:13.027,1.29934,1.29927,1.65,1.50
08.04.2013 00:00:13.456,1.29934,1.29929,1.50,1.50
08.04.2013 00:00:13.815,1.29935,1.29930,3.15,1.50
08.04.2013 00:00:15.465,1.29936,1.29931,3.38,1.50
08.04.2013 00:00:16.144,1.29940,1.29934,6.53,1.50
08.04.2013 00:00:16.693,1.29939,1.29934,1.43,1.50
08.04.2013 00:00:20.603,1.29939,1.29931,2.55,4.88
08.04.2013 00:00:21.083,1.29937,1.29930,1.50,3.75
08.04.2013 00:00:21.203,1.29937,1.29931,1.50,1.50
08.04.2013 00:00:22.184,1.29937,1.29931,1.50,1.50
08.04.2013 00:00:22.915,1.29937,1.29932,1.50,1.50
08.04.2013 00:00:23.417,1.29937,1.29932,3.00,1.50
08.04.2013 00:00:24.254,1.29937,1.29932,3.00,1.50
08.04.2013 00:00:28.687,1.29936,1.29933,1.50,1.50
08.04.2013 00:00:29.045,1.29936,1.29932,3.75,1.13
08.04.2013 00:00:29.166,1.29936,1.29931,2.25,2.63
08.04.2013 00:00:29.345,1.29937,1.29929,1.50,6.38
08.04.2013 00:00:29.464,1.29935,1.29929,1.88,2.63
08.04.2013 00:00:29.645,1.29932,1.29930,2.25,1.13
08.04.2013 00:00:29.764,1.29934,1.29927,2.25,1.88
08.04.2013 00:00:30.274,1.29933,1.29927,1.50,2.63
08.04.2013 00:00:30.515,1.29933,1.29926,1.50,1.50
08.04.2013 00:00:30.815,1.29933,1.29925,1.50,2.78
08.04.2013 00:00:30.874,1.29932,1.29925,1.50,1.88
08.04.2013 00:00:30.994,1.29930,1.29925,3.38,1.50
08.04.2013 00:00:31.295,1.29929,1.29924,2.25,1.50
08.04.2013 00:00:31.655,1.29926,1.29921,2.25,5.63
08.04.2013 00:00:32.675,1.29927,1.29924,1.50,1.50
08.04.2013 00:00:33.894,1.29930,1.29926,7.28,2.25
08.04.2013 00:00:34.674,1.29932,1.29926,1.88,3.00
08.04.2013 00:00:35.356,1.29932,1.29927,1.88,2.78
08.04.2013 00:00:35.476,1.29934,1.29927,1.50,4.65
08.04.2013 00:00:35.896,1.29934,1.29929,2.25,2.63
08.04.2013 00:00:36.197,1.29935,1.29930,2.40,1.50
08.04.2013 00:00:36.266,1.29937,1.29933,1.50,1.50
08.04.2013 00:00:36.804,1.29938,1.29932,1.65,1.50
08.04.2013 00:00:38.687,1.29938,1.29933,1.65,1.50
08.04.2013 00:00:39.165,1.29938,1.29931,1.65,1.50
08.04.2013 00:00:39.345,1.29938,1.29931,1.65,1.50
08.04.2013 00:00:39.886,1.29938,1.29930,1.65,6.38
08.04.2013 00:00:40.426,1.29938,1.29931,2.40,2.25
08.04.2013 00:00:40.975,1.29935,1.29930,1.50,3.75
08.04.2013 00:00:41.515,1.29937,1.29931,3.75,1.50
08.04.2013 00:00:42.055,1.29935,1.29930,1.50,2.25
08.04.2013 00:00:42.606,1.29934,1.29929,1.50,1.50
08.04.2013 00:00:43.966,1.29934,1.29930,1.50,1.50
08.04.2013 00:00:44.685,1.29934,1.29930,1.50,1.50
08.04.2013 00:00:45.216,1.29934,1.29929,1.50,1.50
08.04.2013 00:00:46.897,1.29934,1.29930,1.50,1.50
08.04.2013 00:00:47.275,1.29934,1.29928,1.50,4.88
08.04.2013 00:00:47.335,1.29932,1.29925,2.48,7.28
08.04.2013 00:00:47.636,1.29928,1.29925,1.50,3.38
08.04.2013 00:00:47.938,1.29927,1.29924,2.25,1.50
08.04.2013 00:00:48.068,1.29924,1.29922,1.50,1.50
08.04.2013 00:00:48.255,1.29924,1.29919,1.50,1.50
08.04.2013 00:00:48.496,1.29924,1.29917,1.50,1.50
08.04.2013 00:00:48.616,1.29923,1.29917,1.50,1.50
08.04.2013 00:00:49.435,1.29923,1.29917,1.50,1.50
08.04.2013 00:00:49.736,1.29925,1.29922,1.50,2.25
08.04.2013 00:00:50.036,1.29927,1.29922,1.50,1.13
08.04.2013 00:00:50.158,1.29926,1.29920,1.50,2.25
08.04.2013 00:00:50.827,1.29926,1.29920,1.50,3.00
08.04.2013 00:00:51.216,1.29926,1.29920,1.50,2.25
08.04.2013 00:00:51.646,1.29927,1.29923,1.50,2.25
08.04.2013 00:00:51.707,1.29927,1.29923,1.50,2.25
08.04.2013 00:00:51.766,1.29927,1.29922,1.50,1.50
08.04.2013 00:00:51.886,1.29927,1.29922,1.50,2.63
08.04.2013 00:00:52.425,1.29929,1.29925,1.50,1.13
08.04.2013 00:00:52.665,1.29927,1.29923,1.50,2.25
08.04.2013 00:00:53.175,1.29929,1.29923,1.50,1.50
08.04.2013 00:00:53.777,1.29929,1.29923,1.50,2.25
08.04.2013 00:00:54.445,1.29929,1.29923,1.50,2.25
08.04.2013 00:00:55.134,1.29930,1.29924,3.75,1.50
08.04.2013 00:00:55.695,1.29930,1.29925,4.50,2.25
08.04.2013 00:00:56.238,1.29930,1.29925,2.25,3.00
08.04.2013 00:00:56.567,1.29930,1.29929,2.25,1.50
08.04.2013 00:00:56.745,1.29933,1.29927,1.50,3.00
08.04.2013 00:00:57.166,1.29934,1.29929,2.29,1.50
08.04.2013 00:00:58.140,1.29932,1.29926,1.50,3.75
08.04.2013 00:00:58.466,1.29930,1.29925,1.50,5.63
08.04.2013 00:00:59.025,1.29930,1.29925,1.50,7.13
08.04.2013 00:01:00.036,1.29933,1.29928,1.65,1.50
08.04.2013 00:01:00.216,1.29934,1.29928,2.03,1.50
08.04.2013 00:01:00.755,1.29935,1.29930,1.13,1.50
08.04.2013 00:01:00.875,1.29937,1.29932,3.38,1.50
08.04.2013 00:01:01.295,1.29937,1.29931,1.50,1.50
08.04.2013 00:01:01.776,1.29937,1.29931,4.50,1.50
08.04.2013 00:01:02.234,1.29937,1.29931,2.25,1.50
08.04.2013 00:01:03.586,1.29937,1.29930,2.25,3.00
08.04.2013 00:01:04.125,1.29936,1.29930,1.50,1.50
08.04.2013 00:01:04.674,1.29935,1.29930,1.50,3.00
08.04.2013 00:01:05.956,1.29937,1.29930,1.50,4.88
08.04.2013 00:01:06.495,1.29937,1.29931,1.50,2.25
08.04.2013 00:01:07.035,1.29937,1.29931,1.50,1.50
08.04.2013 00:01:07.625,1.29937,1.29930,1.50,6.38
08.04.2013 00:01:07.685,1.29937,1.29932,1.50,1.50
08.04.2013 00:01:08.864,1.29937,1.29931,1.50,1.50
08.04.2013 00:01:09.377,1.29937,1.29931,2.25,1.50
08.04.2013 00:01:10.034,1.29937,1.29931,1.50,1.50
08.04.2013 00:01:10.275,1.29937,1.29932,1.50,1.50
08.04.2013 00:01:11.236,1.29937,1.29930,1.50,3.00
08.04.2013 00:01:13.106,1.29937,1.29930,1.50,3.00
08.04.2013 00:01:13.648,1.29937,1.29930,1.50,3.00
08.04.2013 00:01:14.175,1.29938,1.29932,3.15,1.50
08.04.2013 00:01:14.925,1.29938,1.29932,3.15,1.50
08.04.2013 00:01:15.641,1.29938,1.29932,2.40,1.50
08.04.2013 00:01:16.355,1.29938,1.29932,2.40,1.50
08.04.2013 00:01:17.565,1.29938,1.29932,1.65,1.50
08.04.2013 00:01:17.925,1.29937,1.29932,1.50,1.65
08.04.2013 00:01:17.985,1.29935,1.29928,3.00,1.65
08.04.2013 00:01:19.195,1.29936,1.29930,1.50,3.00
08.04.2013 00:01:25.046,1.29937,1.29930,1.50,3.90
08.04.2013 00:01:26.265,1.29939,1.29932,3.38,2.25
08.04.2013 00:01:26.807,1.29939,1.29932,1.88,2.25
08.04.2013 00:01:28.420,1.29939,1.29932,1.50,3.00
08.04.2013 00:01:29.008,1.29939,1.29932,1.50,4.50
08.04.2013 00:01:30.466,1.29939,1.29932,1.50,6.00
08.04.2013 00:01:34.065,1.29940,1.29934,5.40,1.50
08.04.2013 00:01:34.425,1.29939,1.29932,2.25,4.50
08.04.2013 00:01:35.115,1.29940,1.29933,7.65,1.50
08.04.2013 00:01:36.495,1.29939,1.29933,2.25,1.50
08.04.2013 00:01:36.805,1.29938,1.29932,1.50,3.00
08.04.2013 00:01:39.787,1.29939,1.29933,1.50,1.50
08.04.2013 00:01:40.455,1.29939,1.29933,1.65,1.50
08.04.2013 00:01:41.445,1.29939,1.29933,1.50,1.50
08.04.2013 00:01:41.996,1.29939,1.29933,1.50,1.50
08.04.2013 00:01:42.296,1.29939,1.29933,1.50,1.50
08.04.2013 00:01:42.856,1.29939,1.29933,1.50,1.50
08.04.2013 00:01:43.963,1.29939,1.29936,1.50,1.50
08.04.2013 00:01:44.166,1.29942,1.29935,2.25,2.25
08.04.2013 00:01:44.285,1.29942,1.29937,1.50,1.50
08.04.2013 00:01:44.406,1.29945,1.29941,1.50,6.00
08.04.2013 00:01:44.945,1.29945,1.29940,2.25,2.25
08.04.2013 00:01:46.785,1.29945,1.29940,2.25,1.50
08.04.2013 00:01:47.338,1.29945,1.29940,2.25,2.25
08.04.2013 00:01:48.596,1.29945,1.29940,2.25,1.50
08.04.2013 00:01:49.231,1.29945,1.29940,2.25,2.25
08.04.2013 00:01:49.786,1.29945,1.29940,2.25,1.50
08.04.2013 00:01:50.965,1.29945,1.29940,2.25,2.25
08.04.2013 00:01:51.205,1.29945,1.29941,1.50,1.50
08.04.2013 00:01:51.746,1.29945,1.29942,1.50,1.88
08.04.2013 00:01:52.295,1.29945,1.29942,1.50,1.88
08.04.2013 00:01:54.295,1.29945,1.29942,1.50,1.88
08.04.2013 00:01:56.087,1.29945,1.29942,1.50,3.38
08.04.2013 00:01:56.636,1.29945,1.29942,1.50,3.38
08.04.2013 00:01:57.176,1.29945,1.29942,1.50,3.38
08.04.2013 00:01:58.275,1.29948,1.29944,1.13,1.50
08.04.2013 00:01:58.490,1.29948,1.29945,3.00,1.50
08.04.2013 00:01:58.562,1.29949,1.29946,2.63,1.50
08.04.2013 00:01:58.629,1.29951,1.29946,2.25,1.50
08.04.2013 00:01:58.703,1.29952,1.29947,2.25,1.50
08.04.2013 00:01:58.780,1.29953,1.29948,1.28,1.50
08.04.2013 00:01:59.405,1.29953,1.29949,3.00,1.50
08.04.2013 00:01:59.925,1.29954,1.29950,3.00,2.25
08.04.2013 00:02:00.585,1.29955,1.29951,2.25,1.50
08.04.2013 00:02:01.117,1.29956,1.29951,2.25,1.50
08.04.2013 00:02:03.165,1.29959,1.29954,2.25,1.59
08.04.2013 00:02:03.646,1.29959,1.29954,2.25,2.34
08.04.2013 00:02:03.827,1.29960,1.29956,2.63,1.50
08.04.2013 00:02:04.187,1.29963,1.29960,1.13,1.50
08.04.2013 00:02:04.375,1.29966,1.29961,2.25,2.25
08.04.2013 00:02:05.668,1.29966,1.29961,3.00,2.25
08.04.2013 00:02:06.216,1.29967,1.29961,2.25,3.00
08.04.2013 00:02:06.275,1.29967,1.29962,1.50,1.50
08.04.2013 00:02:06.785,1.29968,1.29962,2.78,2.25
08.04.2013 00:02:08.205,1.29968,1.29962,3.15,2.34
08.04.2013 00:02:09.067,1.29967,1.29962,1.50,2.34
08.04.2013 00:02:10.057,1.29965,1.29962,1.50,1.59
08.04.2013 00:02:10.547,1.29968,1.29962,6.38,1.59
08.04.2013 00:02:10.785,1.29968,1.29965,6.38,1.50
08.04.2013 00:02:10.968,1.29970,1.29965,1.13,1.50
08.04.2013 00:02:11.036,1.29972,1.29965,3.38,1.50
08.04.2013 00:02:11.216,1.29972,1.29965,3.38,2.25
08.04.2013 00:02:11.518,1.29970,1.29965,10.65,1.50
08.04.2013 00:02:11.956,1.29970,1.29965,12.15,2.25
08.04.2013 00:02:12.490,1.29968,1.29962,6.38,1.59
08.04.2013 00:02:14.198,1.29967,1.29962,2.25,1.59
08.04.2013 00:02:15.626,1.29967,1.29961,2.25,1.96
08.04.2013 00:02:15.930,1.29964,1.29960,1.13,2.34
08.04.2013 00:02:16.056,1.29964,1.29960,2.63,2.25
08.04.2013 00:02:16.235,1.29964,1.29960,2.63,2.25
08.04.2013 00:02:16.609,1.29962,1.29958,3.94,1.50
08.04.2013 00:02:16.857,1.29959,1.29955,2.40,1.13
08.04.2013 00:02:16.976,1.29957,1.29952,1.50,3.00
08.04.2013 00:02:17.096,1.29957,1.29952,1.50,1.50
08.04.2013 00:02:17.215,1.29957,1.29952,1.50,1.50
08.04.2013 00:02:17.725,1.29957,1.29952,1.50,1.50
08.04.2013 00:02:18.264,1.29958,1.29952,8.03,1.50
08.04.2013 00:02:19.236,1.29958,1.29952,2.78,1.50
08.04.2013 00:02:19.857,1.29958,1.29953,5.63,2.25
08.04.2013 00:02:21.896,1.29955,1.29951,1.50,1.13
08.04.2013 00:02:21.957,1.29953,1.29950,3.15,1.88
08.04.2013 00:02:22.076,1.29952,1.29947,2.25,3.38
08.04.2013 00:02:23.405,1.29952,1.29949,2.25,1.50
08.04.2013 00:02:24.453,1.29952,1.29949,2.25,1.65
08.04.2013 00:02:24.579,1.29953,1.29951,2.25,1.50
08.04.2013 00:02:25.065,1.29955,1.29953,1.50,1.50
08.04.2013 00:02:25.627,1.29953,1.29950,1.50,4.13
08.04.2013 00:02:25.881,1.29953,1.29948,1.13,3.38
08.04.2013 00:02:25.948,1.29952,1.29948,1.88,2.25
08.04.2013 00:02:26.138,1.29951,1.29947,2.25,2.63
08.04.2013 00:02:26.268,1.29950,1.29947,3.00,1.50
08.04.2013 00:02:26.576,1.29950,1.29945,1.50,2.63
08.04.2013 00:02:26.827,1.29948,1.29944,2.25,3.90
08.04.2013 00:02:27.067,1.29949,1.29945,4.13,2.03
08.04.2013 00:02:27.316,1.29945,1.29944,1.50,1.50
08.04.2013 00:02:27.375,1.29945,1.29941,1.50,2.25
08.04.2013 00:02:28.635,1.29946,1.29942,1.50,1.50
08.04.2013 00:02:29.176,1.29948,1.29943,1.50,1.65
08.04.2013 00:02:29.235,1.29948,1.29943,1.50,1.65
08.04.2013 00:02:29.296,1.29949,1.29945,1.50,1.50
08.04.2013 00:02:29.656,1.29950,1.29946,1.50,1.50
08.04.2013 00:02:29.717,1.29951,1.29947,1.13,1.50
08.04.2013 00:02:29.775,1.29955,1.29950,3.00,1.50
08.04.2013 00:02:30.316,1.29953,1.29949,1.50,1.50
08.04.2013 00:02:30.496,1.29954,1.29950,1.50,1.50
08.04.2013 00:02:30.556,1.29954,1.29950,1.50,1.50
08.04.2013 00:02:30.862,1.29955,1.29951,1.50,1.50
08.04.2013 00:02:31.348,1.29957,1.29951,1.50,1.50
08.04.2013 00:02:31.646,1.29952,1.29949,3.38,1.50
08.04.2013 00:02:31.705,1.29952,1.29949,3.38,1.50
08.04.2013 00:02:31.886,1.29951,1.29948,3.90,2.25
08.04.2013 00:02:32.245,1.29951,1.29946,1.50,1.50
08.04.2013 00:02:32.750,1.29950,1.29946,1.50,1.50
08.04.2013 00:02:33.808,1.29951,1.29944,3.00,2.63
08.04.2013 00:02:33.875,1.29948,1.29943,1.50,1.13
08.04.2013 00:02:34.236,1.29949,1.29946,4.88,3.00
08.04.2013 00:02:34.416,1.29950,1.29947,2.40,1.50
08.04.2013 00:02:34.478,1.29951,1.29947,3.53,1.50
08.04.2013 00:02:34.666,1.29950,1.29946,1.50,3.00
08.04.2013 00:02:35.205,1.29952,1.29947,1.88,2.25
08.04.2013 00:02:35.326,1.29953,1.29948,5.63,1.65
08.04.2013 00:02:35.982,1.29952,1.29950,1.50,1.50
08.04.2013 00:02:36.286,1.29952,1.29947,1.88,4.65
08.04.2013 00:02:36.406,1.29950,1.29945,2.25,3.75
08.04.2013 00:02:36.707,1.29948,1.29943,3.75,1.50
08.04.2013 00:02:37.033,1.29945,1.29943,1.50,1.50
08.04.2013 00:02:37.585,1.29945,1.29943,2.25,1.50
08.04.2013 00:02:37.765,1.29945,1.29941,3.00,3.75
08.04.2013 00:02:38.306,1.29945,1.29940,1.50,3.75
08.04.2013 00:02:38.366,1.29945,1.29941,1.50,2.25
08.04.2013 00:02:42.096,1.29945,1.29942,1.50,2.25
08.04.2013 00:02:42.585,1.29948,1.29943,3.15,1.50
08.04.2013 00:02:42.706,1.29945,1.29941,3.15,1.50
08.04.2013 00:02:43.257,1.29945,1.29941,3.38,1.50
08.04.2013 00:02:43.327,1.29945,1.29940,2.63,2.25
08.04.2013 00:02:43.986,1.29945,1.29941,1.50,1.50
08.04.2013 00:02:44.909,1.29945,1.29941,3.00,1.50
08.04.2013 00:02:45.836,1.29947,1.29943,5.63,1.50
08.04.2013 00:02:46.080,1.29950,1.29947,1.43,1.05
08.04.2013 00:02:46.507,1.29950,1.29947,2.18,3.30
08.04.2013 00:02:46.928,1.29949,1.29945,1.50,1.50
08.04.2013 00:02:47.176,1.29947,1.29941,1.50,1.50
08.04.2013 00:02:47.476,1.29945,1.29940,2.25,6.15
08.04.2013 00:02:48.016,1.29945,1.29941,1.50,3.00
08.04.2013 00:02:50.235,1.29945,1.29941,3.00,3.00
08.04.2013 00:02:51.155,1.29945,1.29941,1.50,3.00
08.04.2013 00:02:52.845,1.29945,1.29941,2.25,4.50
08.04.2013 00:02:53.388,1.29945,1.29941,3.75,3.00
08.04.2013 00:02:53.906,1.29945,1.29941,3.75,3.00
08.04.2013 00:02:55.576,1.29945,1.29940,3.00,7.28
08.04.2013 00:02:56.235,1.29945,1.29941,3.75,1.50
08.04.2013 00:02:56.546,1.29943,1.29940,1.50,3.38
08.04.2013 00:02:56.726,1.29941,1.29939,1.50,1.50
08.04.2013 00:02:56.846,1.29940,1.29937,1.50,2.25
08.04.2013 00:02:57.386,1.29939,1.29935,1.50,2.78
08.04.2013 00:02:57.445,1.29938,1.29935,1.50,2.78
08.04.2013 00:03:00.458,1.29938,1.29932,2.25,3.30
08.04.2013 00:03:00.646,1.29936,1.29930,1.50,4.80
08.04.2013 00:03:01.256,1.29938,1.29931,1.50,1.88
08.04.2013 00:03:01.688,1.29937,1.29933,6.38,1.13
08.04.2013 00:03:01.756,1.29936,1.29932,1.50,2.25
08.04.2013 00:03:01.816,1.29937,1.29933,4.13,2.26
08.04.2013 00:03:01.947,1.29940,1.29936,5.63,2.40
08.04.2013 00:03:02.069,1.29938,1.29936,4.13,1.35
08.04.2013 00:03:02.200,1.29937,1.29932,4.88,1.50
08.04.2013 00:03:02.446,1.29937,1.29931,4.88,1.50
08.04.2013 00:03:02.996,1.29937,1.29931,5.63,1.50
08.04.2013 00:03:03.527,1.29937,1.29931,1.50,1.50
08.04.2013 00:03:05.089,1.29935,1.29930,3.00,2.03
08.04.2013 00:03:05.156,1.29933,1.29929,1.50,5.25
08.04.2013 00:03:07.445,1.29934,1.29929,2.25,2.25
08.04.2013 00:03:08.466,1.29934,1.29929,2.25,2.25
08.04.2013 00:03:08.975,1.29934,1.29929,2.25,1.50
08.04.2013 00:03:11.006,1.29933,1.29929,1.50,1.50
08.04.2013 00:03:11.877,1.29933,1.29928,1.50,1.65
08.04.2013 00:03:12.566,1.29933,1.29929,1.50,1.50
08.04.2013 00:03:13.346,1.29933,1.29929,3.75,2.25
08.04.2013 00:03:13.913,1.29932,1.29929,1.50,1.50
08.04.2013 00:03:14.467,1.29932,1.29929,1.50,1.50
08.04.2013 00:03:15.615,1.29934,1.29929,2.25,1.50
08.04.2013 00:03:15.687,1.29934,1.29929,1.50,2.25
08.04.2013 00:03:16.596,1.29934,1.29929,1.50,2.25
08.04.2013 00:03:17.736,1.29931,1.29929,2.25,1.50
08.04.2013 00:03:20.715,1.29930,1.29926,2.25,3.75
08.04.2013 00:03:21.275,1.29930,1.29927,2.25,1.50
08.04.2013 00:03:24.176,1.29933,1.29928,2.63,2.40
08.04.2013 00:03:24.236,1.29935,1.29929,3.75,1.50
08.04.2013 00:03:24.776,1.29936,1.29931,1.50,3.00
08.04.2013 00:03:25.405,1.29937,1.29931,3.00,3.75
08.04.2013 00:03:27.465,1.29936,1.29931,1.50,3.75
08.04.2013 00:03:28.367,1.29934,1.29931,3.00,2.25
08.04.2013 00:03:28.736,1.29934,1.29929,3.00,2.25
08.04.2013 00:03:29.396,1.29933,1.29928,3.00,2.25
08.04.2013 00:03:30.697,1.29930,1.29925,3.00,3.00
08.04.2013 00:03:31.175,1.29930,1.29925,2.25,3.00
08.04.2013 00:03:31.597,1.29930,1.29925,3.00,3.00
08.04.2013 00:03:31.886,1.29930,1.29926,3.00,3.75
08.04.2013 00:03:32.246,1.29934,1.29924,1.50,22.88
08.04.2013 00:03:32.377,1.29931,1.29928,3.00,1.50
08.04.2013 00:03:32.677,1.29931,1.29929,2.25,1.50
08.04.2013 00:03:32.797,1.29933,1.29929,1.88,1.50
08.04.2013 00:03:33.338,1.29934,1.29929,3.00,2.25
08.04.2013 00:03:33.854,1.29934,1.29930,1.50,2.25
08.04.2013 00:03:34.396,1.29935,1.29930,1.50,3.00
08.04.2013 00:03:35.698,1.29936,1.29931,2.25,3.00
08.04.2013 00:03:36.205,1.29936,1.29932,2.25,1.50
08.04.2013 00:03:36.447,1.29937,1.29932,2.25,1.65
08.04.2013 00:03:36.996,1.29938,1.29932,1.50,3.00
08.04.2013 00:03:37.477,1.29938,1.29933,1.50,3.00
08.04.2013 00:03:38.015,1.29938,1.29934,1.50,2.25
08.04.2013 00:03:38.838,1.29938,1.29935,1.50,1.50
08.04.2013 00:03:38.906,1.29940,1.29934,4.50,4.88
08.04.2013 00:03:39.025,1.29941,1.29935,3.00,3.75
08.04.2013 00:03:39.598,1.29941,1.29936,2.25,3.00
08.04.2013 00:03:39.657,1.29941,1.29937,3.75,1.13
08.04.2013 00:03:39.787,1.29941,1.29937,2.25,3.15
08.04.2013 00:03:39.848,1.29942,1.29937,1.50,3.15
08.04.2013 00:03:40.215,1.29943,1.29938,1.73,2.25
08.04.2013 00:03:41.556,1.29945,1.29938,2.29,4.13
08.04.2013 00:03:42.056,1.29944,1.29941,2.25,1.13
08.04.2013 00:03:42.357,1.29944,1.29943,1.50,1.50
08.04.2013 00:03:42.426,1.29947,1.29941,1.13,3.75
08.04.2013 00:03:42.545,1.29947,1.29942,1.88,1.50
08.04.2013 00:03:42.967,1.29948,1.29942,1.50,2.25
08.04.2013 00:03:44.137,1.29949,1.29942,3.38,2.25
08.04.2013 00:03:44.852,1.29949,1.29943,1.50,2.25
08.04.2013 00:03:45.367,1.29950,1.29944,1.50,2.25
08.04.2013 00:03:47.071,1.29951,1.29945,3.38,3.00
08.04.2013 00:03:47.316,1.29951,1.29946,2.25,2.25
08.04.2013 00:03:47.567,1.29952,1.29947,1.88,3.75
08.04.2013 00:03:48.046,1.29953,1.29947,1.50,2.25
08.04.2013 00:03:48.646,1.29953,1.29948,1.50,2.25
08.04.2013 00:03:49.246,1.29954,1.29949,1.50,3.00
08.04.2013 00:03:50.319,1.29955,1.29949,1.50,3.00
08.04.2013 00:03:52.006,1.29955,1.29950,2.25,1.50
08.04.2013 00:03:53.231,1.29956,1.29951,2.25,2.25
08.04.2013 00:03:53.797,1.29957,1.29952,2.25,1.50
08.04.2013 00:03:54.335,1.29958,1.29953,2.25,3.75
08.04.2013 00:03:54.876,1.29959,1.29953,3.00,2.25
08.04.2013 00:03:55.797,1.29959,1.29954,3.00,1.50
08.04.2013 00:03:56.342,1.29960,1.29955,1.50,4.28
08.04.2013 00:03:56.936,1.29961,1.29956,1.50,4.28
08.04.2013 00:04:00.526,1.29961,1.29957,1.50,1.50
08.04.2013 00:04:01.089,1.29962,1.29957,2.25,1.50
08.04.2013 00:04:01.635,1.29965,1.29961,1.50,1.50
08.04.2013 00:04:01.696,1.29962,1.29960,3.60,1.88
08.04.2013 00:04:02.175,1.29964,1.29958,3.00,2.25
08.04.2013 00:04:02.357,1.29964,1.29960,1.50,2.25
08.04.2013 00:04:02.716,1.29966,1.29960,8.03,1.50
08.04.2013 00:04:02.836,1.29968,1.29962,1.50,3.75
08.04.2013 00:04:02.956,1.29968,1.29962,3.00,3.00
08.04.2013 00:04:04.926,1.29966,1.29962,1.50,3.00
08.04.2013 00:04:05.627,1.29966,1.29961,3.75,1.50
08.04.2013 00:04:06.050,1.29966,1.29964,2.25,1.50
08.04.2013 00:04:06.596,1.29969,1.29965,1.13,1.88
08.04.2013 00:04:07.006,1.29970,1.29965,3.75,1.88
08.04.2013 00:04:07.185,1.29970,1.29965,2.25,1.88
08.04.2013 00:04:07.745,1.29970,1.29965,2.25,2.63
08.04.2013 00:04:08.285,1.29970,1.29964,3.75,2.25
08.04.2013 00:04:08.467,1.29969,1.29963,1.50,5.03
08.04.2013 00:04:08.647,1.29967,1.29960,3.00,2.25
08.04.2013 00:04:09.316,1.29965,1.29960,3.00,3.38
08.04.2013 00:04:09.855,1.29967,1.29961,1.50,1.50
08.04.2013 00:04:10.395,1.29968,1.29962,1.88,1.88
08.04.2013 00:04:11.175,1.29968,1.29963,4.13,1.50
08.04.2013 00:04:11.725,1.29968,1.29963,4.13,1.50
08.04.2013 00:04:12.715,1.29968,1.29962,4.13,1.50
08.04.2013 00:04:12.786,1.29967,1.29961,1.50,2.25
08.04.2013 00:04:17.558,1.29965,1.29960,2.25,4.43
08.04.2013 00:04:17.938,1.29965,1.29960,3.75,4.43
08.04.2013 00:04:18.446,1.29964,1.29960,2.25,4.43
08.04.2013 00:04:19.066,1.29964,1.29960,2.25,4.43
08.04.2013 00:04:19.857,1.29964,1.29960,2.25,4.28
08.04.2013 00:04:20.098,1.29961,1.29956,2.63,1.65
08.04.2013 00:04:20.166,1.29959,1.29955,1.50,3.38
08.04.2013 00:04:20.227,1.29960,1.29955,2.25,2.63
08.04.2013 00:04:20.528,1.29957,1.29955,2.25,2.25
08.04.2013 00:04:20.776,1.29956,1.29950,3.75,1.50
08.04.2013 00:04:21.016,1.29955,1.29950,1.50,1.50
08.04.2013 00:04:21.556,1.29955,1.29952,1.50,1.13
08.04.2013 00:04:22.076,1.29956,1.29952,3.00,1.13
08.04.2013 00:04:22.616,1.29955,1.29952,2.25,1.13
08.04.2013 00:04:23.117,1.29955,1.29952,1.50,1.13
08.04.2013 00:04:25.188,1.29958,1.29953,3.38,3.00
08.04.2013 00:04:25.496,1.29957,1.29955,1.50,1.88
08.04.2013 00:04:25.976,1.29959,1.29956,2.25,2.25
08.04.2013 00:04:26.096,1.29962,1.29957,1.88,1.50
08.04.2013 00:04:27.366,1.29962,1.29957,2.25,1.50
08.04.2013 00:04:28.836,1.29960,1.29956,1.50,1.50
08.04.2013 00:04:29.017,1.29960,1.29955,4.50,2.40
08.04.2013 00:04:29.256,1.29959,1.29954,1.50,1.13
08.04.2013 00:04:29.785,1.29958,1.29951,4.88,1.65
08.04.2013 00:04:30.324,1.29958,1.29951,4.13,2.40
08.04.2013 00:04:31.658,1.29958,1.29951,4.13,2.40
08.04.2013 00:04:33.635,1.29958,1.29951,4.88,3.15
08.04.2013 00:04:33.938,1.29957,1.29953,1.50,2.93
08.04.2013 00:04:34.007,1.29958,1.29954,1.50,1.50
08.04.2013 00:04:34.067,1.29960,1.29954,1.50,1.65
08.04.2013 00:04:34.605,1.29960,1.29956,2.25,1.50
08.04.2013 00:04:34.906,1.29961,1.29957,2.25,1.50
08.04.2013 00:04:35.296,1.29964,1.29960,1.50,1.50
08.04.2013 00:04:36.416,1.29965,1.29960,4.50,1.50
08.04.2013 00:04:36.955,1.29965,1.29960,3.75,4.28
08.04.2013 00:04:38.425,1.29965,1.29960,4.50,4.28
08.04.2013 00:04:39.366,1.29965,1.29960,4.50,3.53
08.04.2013 00:04:39.906,1.29964,1.29960,2.25,4.28
08.04.2013 00:04:39.977,1.29964,1.29960,2.25,4.28
08.04.2013 00:04:41.658,1.29965,1.29960,3.00,3.90
08.04.2013 00:04:42.606,1.29965,1.29960,3.00,1.88
08.04.2013 00:04:42.925,1.29961,1.29957,1.50,1.43
08.04.2013 00:04:42.999,1.29960,1.29957,2.25,1.28
08.04.2013 00:04:43.070,1.29958,1.29955,2.25,2.63
08.04.2013 00:04:43.138,1.29957,1.29954,1.50,2.25
08.04.2013 00:04:43.207,1.29956,1.29953,3.00,1.50
08.04.2013 00:04:43.626,1.29954,1.29951,1.50,1.13
08.04.2013 00:04:44.155,1.29954,1.29951,1.50,1.13
08.04.2013 00:04:44.698,1.29953,1.29951,2.25,1.13
08.04.2013 00:04:44.946,1.29953,1.29947,2.25,4.43
08.04.2013 00:04:45.125,1.29953,1.29948,3.75,1.65
08.04.2013 00:04:45.245,1.29953,1.29948,3.75,1.65
08.04.2013 00:04:45.906,1.29953,1.29949,3.75,1.13
08.04.2013 00:04:46.925,1.29953,1.29950,2.25,3.53
08.04.2013 00:04:49.036,1.29953,1.29950,2.25,1.88
08.04.2013 00:04:50.796,1.29953,1.29950,1.50,1.50
08.04.2013 00:04:51.346,1.29953,1.29950,1.50,1.50
08.04.2013 00:04:51.986,1.29953,1.29950,1.50,1.50
08.04.2013 00:04:52.545,1.29953,1.29950,1.50,1.50
08.04.2013 00:04:53.056,1.29952,1.29950,1.50,1.50
08.04.2013 00:04:53.358,1.29950,1.29946,3.75,1.88
08.04.2013 00:04:53.487,1.29949,1.29946,1.50,1.50
08.04.2013 00:04:53.555,1.29949,1.29944,1.50,1.50
08.04.2013 00:04:53.796,1.29948,1.29943,2.25,1.65
08.04.2013 00:04:54.656,1.29948,1.29943,3.00,1.65
08.04.2013 00:04:55.165,1.29949,1.29943,4.50,1.65
08.04.2013 00:04:55.666,1.29949,1.29943,3.75,1.65
08.04.2013 00:04:55.998,1.29950,1.29947,1.50,2.18
08.04.2013 00:04:56.066,1.29952,1.29948,1.50,1.65
08.04.2013 00:04:56.126,1.29953,1.29949,1.50,1.50
08.04.2013 00:04:56.370,1.29953,1.29948,3.00,1.50
08.04.2013 00:04:56.617,1.29952,1.29948,2.25,1.65
08.04.2013 00:04:57.186,1.29953,1.29949,3.00,2.25
08.04.2013 00:04:59.137,1.29953,1.29949,2.25,1.50
08.04.2013 00:04:59.316,1.29951,1.29945,3.75,3.00
08.04.2013 00:04:59.737,1.29949,1.29944,2.25,2.25
08.04.2013 00:05:00.036,1.29950,1.29946,3.00,3.75
08.04.2013 00:05:00.575,1.29952,1.29947,1.50,2.63
08.04.2013 00:05:01.136,1.29952,1.29948,1.50,1.50
08.04.2013 00:05:01.256,1.29952,1.29948,1.50,3.00
08.04.2013 00:05:01.833,1.29953,1.29948,2.25,3.00
08.04.2013 00:05:03.106,1.29955,1.29950,3.75,2.25
08.04.2013 00:05:03.467,1.29955,1.29951,2.25,1.50
08.04.2013 00:05:05.283,1.29956,1.29951,4.88,1.50
08.04.2013 00:05:05.528,1.29956,1.29952,2.25,1.50
08.04.2013 00:05:05.838,1.29960,1.29955,4.13,2.63
08.04.2013 00:05:06.147,1.29958,1.29955,1.50,3.75
08.04.2013 00:05:06.327,1.29960,1.29956,4.13,1.50
08.04.2013 00:05:06.567,1.29960,1.29958,1.50,1.65
08.04.2013 00:05:06.806,1.29965,1.29960,2.63,2.03
08.04.2013 00:05:07.116,1.29967,1.29961,2.25,1.50
08.04.2013 00:05:07.237,1.29967,1.29963,2.25,1.50
08.04.2013 00:05:08.795,1.29967,1.29963,2.25,1.50
08.04.2013 00:05:09.349,1.29967,1.29963,2.25,1.50
08.04.2013 00:05:09.883,1.29968,1.29965,1.50,1.50
08.04.2013 00:05:10.896,1.29968,1.29964,2.25,1.50
08.04.2013 00:05:11.826,1.29969,1.29964,3.38,1.50
08.04.2013 00:05:12.445,1.29969,1.29965,1.88,2.25
08.04.2013 00:05:13.046,1.29970,1.29965,7.65,1.50
08.04.2013 00:05:13.786,1.29969,1.29965,1.50,1.50
08.04.2013 00:05:14.326,1.29969,1.29965,1.50,1.50
08.04.2013 00:05:15.863,1.29967,1.29962,1.50,1.50
08.04.2013 00:05:15.936,1.29967,1.29962,2.25,1.50
08.04.2013 00:05:17.305,1.29967,1.29962,1.50,1.50
08.04.2013 00:05:17.886,1.29967,1.29961,2.25,3.75
08.04.2013 00:05:18.436,1.29967,1.29961,1.50,2.25
08.04.2013 00:05:18.975,1.29968,1.29961,3.15,1.50
08.04.2013 00:05:19.819,1.29968,1.29961,2.40,1.50
08.04.2013 00:05:20.366,1.29965,1.29962,3.75,1.50
08.04.2013 00:05:20.916,1.29962,1.29960,4.50,2.25
08.04.2013 00:05:21.495,1.29962,1.29960,4.50,2.25
08.04.2013 00:05:22.036,1.29962,1.29959,3.75,2.25
08.04.2013 00:05:22.278,1.29960,1.29956,4.50,4.50
08.04.2013 00:05:22.768,1.29961,1.29954,1.50,3.15
08.04.2013 00:05:23.130,1.29960,1.29954,4.88,1.50
08.04.2013 00:05:23.436,1.29958,1.29954,1.50,3.00
08.04.2013 00:05:23.797,1.29957,1.29953,1.50,1.50
08.04.2013 00:05:23.928,1.29956,1.29952,1.50,1.50
08.04.2013 00:05:23.988,1.29953,1.29950,1.50,1.50
08.04.2013 00:05:24.055,1.29954,1.29951,1.50,1.50
08.04.2013 00:05:24.537,1.29954,1.29950,4.50,2.03
08.04.2013 00:05:25.085,1.29957,1.29950,5.25,2.78
08.04.2013 00:05:25.815,1.29957,1.29952,4.88,1.50
08.04.2013 00:05:25.878,1.29957,1.29951,5.63,4.13
08.04.2013 00:05:26.446,1.29958,1.29952,11.85,2.40
08.04.2013 00:05:28.520,1.29958,1.29952,10.35,2.40
08.04.2013 00:05:28.825,1.29957,1.29952,1.50,1.50
08.04.2013 00:05:30.366,1.29958,1.29952,10.35,1.50
08.04.2013 00:05:30.905,1.29958,1.29952,11.85,1.50
08.04.2013 00:05:31.456,1.29957,1.29952,1.50,1.50
08.04.2013 00:05:33.091,1.29958,1.29952,11.10,1.50
08.04.2013 00:05:33.698,1.29958,1.29952,12.60,1.50
08.04.2013 00:05:35.046,1.29955,1.29951,1.50,2.25
08.04.2013 00:05:35.557,1.29958,1.29952,12.60,1.50
08.04.2013 00:05:36.018,1.29957,1.29955,1.50,2.63
08.04.2013 00:05:36.206,1.29958,1.29955,6.23,6.15
08.04.2013 00:05:36.508,1.29958,1.29953,9.60,1.13
08.04.2013 00:05:36.625,1.29958,1.29953,11.10,1.88
08.04.2013 00:05:38.037,1.29958,1.29953,10.35,1.50
08.04.2013 00:05:38.596,1.29957,1.29953,1.50,1.50
08.04.2013 00:05:38.656,1.29956,1.29951,1.50,4.28
08.04.2013 00:05:41.176,1.29957,1.29952,1.50,1.50
08.04.2013 00:05:42.416,1.29956,1.29951,1.50,1.13
08.04.2013 00:05:43.936,1.29956,1.29952,1.50,1.50
08.04.2013 00:05:44.237,1.29956,1.29953,4.50,4.28
08.04.2013 00:05:44.715,1.29959,1.29952,4.88,3.53
08.04.2013 00:05:45.397,1.29959,1.29952,4.50,1.28
08.04.2013 00:05:45.955,1.29959,1.29952,4.88,1.28
08.04.2013 00:05:46.526,1.29959,1.29952,5.63,2.40
08.04.2013 00:05:46.961,1.29959,1.29954,5.63,1.50
08.04.2013 00:05:47.265,1.29960,1.29956,5.25,2.25
08.04.2013 00:05:47.625,1.29964,1.29956,1.88,5.25
08.04.2013 00:05:48.165,1.29960,1.29956,4.50,3.75
08.04.2013 00:05:49.345,1.29964,1.29956,2.63,3.75
08.04.2013 00:05:49.895,1.29960,1.29956,4.50,3.75
08.04.2013 00:05:50.138,1.29960,1.29955,6.72,5.78
08.04.2013 00:05:50.687,1.29957,1.29955,1.50,2.63
08.04.2013 00:05:50.866,1.29958,1.29953,1.50,1.50
08.04.2013 00:05:53.725,1.29958,1.29951,3.75,1.88
08.04.2013 00:05:54.255,1.29957,1.29951,1.50,1.88
08.04.2013 00:05:56.176,1.29958,1.29951,3.00,1.88
08.04.2013 00:05:57.256,1.29958,1.29952,2.25,1.50
08.04.2013 00:05:58.176,1.29958,1.29952,2.25,2.25
08.04.2013 00:05:58.370,1.29958,1.29953,1.50,1.50
08.04.2013 00:05:59.025,1.29959,1.29953,3.00,1.50
08.04.2013 00:06:01.517,1.29958,1.29953,2.25,1.50
08.04.2013 00:06:02.865,1.29958,1.29953,1.50,1.50
08.04.2013 00:06:02.986,1.29959,1.29955,3.38,1.13
08.04.2013 00:06:03.299,1.29963,1.29958,1.50,2.40
08.04.2013 00:06:03.489,1.29962,1.29960,1.50,1.13
08.04.2013 00:06:03.557,1.29964,1.29960,3.00,1.88
08.04.2013 00:06:04.336,1.29965,1.29961,1.50,4.88
08.04.2013 00:06:05.245,1.29966,1.29962,1.13,3.38
08.04.2013 00:06:06.536,1.29969,1.29965,1.13,3.38
08.04.2013 00:06:06.957,1.29974,1.29966,1.13,4.65
08.04.2013 00:06:07.498,1.29973,1.29970,1.50,1.50
08.04.2013 00:06:09.838,1.29972,1.29969,1.73,1.50
08.04.2013 00:06:10.086,1.29970,1.29965,2.25,4.28
08.04.2013 00:06:10.957,1.29969,1.29965,3.75,3.53
08.04.2013 00:06:11.549,1.29969,1.29965,3.00,2.78
08.04.2013 00:06:12.676,1.29969,1.29965,3.75,2.78
08.04.2013 00:06:13.241,1.29968,1.29960,1.50,7.88
08.04.2013 00:06:13.309,1.29964,1.29962,1.13,3.00
08.04.2013 00:06:13.379,1.29964,1.29960,1.50,4.50
08.04.2013 00:06:13.685,1.29966,1.29960,4.50,1.50
08.04.2013 00:06:14.107,1.29966,1.29962,2.25,1.50
08.04.2013 00:06:14.467,1.29969,1.29966,2.25,1.50
08.04.2013 00:06:14.646,1.29971,1.29966,2.25,1.50
08.04.2013 00:06:15.186,1.29971,1.29966,1.50,2.25
08.04.2013 00:06:15.745,1.29973,1.29967,3.00,1.80
08.04.2013 00:06:15.987,1.29973,1.29967,3.00,2.40
08.04.2013 00:06:16.347,1.29970,1.29965,1.50,3.53
08.04.2013 00:06:16.526,1.29970,1.29966,3.00,1.13
08.04.2013 00:06:16.946,1.29968,1.29964,1.50,3.30
08.04.2013 00:06:17.556,1.29968,1.29965,1.50,1.28
08.04.2013 00:06:18.118,1.29968,1.29965,1.50,1.28
08.04.2013 00:06:18.791,1.29968,1.29965,1.50,1.28
08.04.2013 00:06:18.856,1.29968,1.29964,1.50,2.55
08.04.2013 00:06:20.117,1.29969,1.29965,4.13,2.03
08.04.2013 00:06:20.296,1.29968,1.29967,1.50,1.50
08.04.2013 00:06:20.476,1.29970,1.29966,3.00,2.03
08.04.2013 00:06:20.717,1.29971,1.29966,2.63,2.78
08.04.2013 00:06:22.078,1.29972,1.29967,2.63,1.88
08.04.2013 00:06:22.387,1.29973,1.29968,1.88,1.13
08.04.2013 00:06:22.687,1.29974,1.29969,2.25,1.13
08.04.2013 00:06:23.067,1.29975,1.29970,6.00,1.50
08.04.2013 00:06:23.576,1.29975,1.29971,1.50,2.40
08.04.2013 00:06:23.697,1.29977,1.29971,3.38,1.50
08.04.2013 00:06:24.237,1.29978,1.29972,2.25,1.65
08.04.2013 00:06:24.597,1.29981,1.29976,2.48,3.00
08.04.2013 00:06:24.657,1.29983,1.29979,1.50,1.50
08.04.2013 00:06:25.196,1.29984,1.29980,2.25,3.53
08.04.2013 00:06:25.738,1.29984,1.29980,1.50,6.53
08.04.2013 00:06:25.977,1.29987,1.29980,1.50,6.53
08.04.2013 00:06:26.039,1.29987,1.29981,1.13,1.13
08.04.2013 00:06:26.646,1.29988,1.29983,3.38,1.65
08.04.2013 00:06:27.186,1.29988,1.29985,2.63,1.50
08.04.2013 00:06:27.497,1.29988,1.29985,1.13,2.25
08.04.2013 00:06:28.037,1.29988,1.29983,1.88,1.50
08.04.2013 00:06:28.577,1.29988,1.29983,2.25,1.50
08.04.2013 00:06:28.638,1.29988,1.29982,2.25,2.25
08.04.2013 00:06:29.326,1.29989,1.29984,4.13,1.13
08.04.2013 00:06:29.389,1.29989,1.29986,3.38,2.25
08.04.2013 00:06:29.457,1.29989,1.29987,2.63,1.50
08.04.2013 00:06:29.518,1.29990,1.29987,2.50,3.00
08.04.2013 00:06:29.578,1.29990,1.29987,1.75,2.25
08.04.2013 00:06:29.767,1.29989,1.29985,1.50,1.88
08.04.2013 00:06:30.125,1.29987,1.29981,2.25,5.52
08.04.2013 00:06:30.366,1.29987,1.29981,2.25,4.73
08.04.2013 00:06:31.074,1.29986,1.29981,1.50,3.98
08.04.2013 00:06:31.387,1.29987,1.29980,2.63,8.82
08.04.2013 00:06:32.307,1.29986,1.29980,1.50,11.67
08.04.2013 00:06:32.846,1.29986,1.29980,1.50,11.67
08.04.2013 00:06:33.027,1.29986,1.29980,2.25,9.42
08.04.2013 00:06:34.066,1.29985,1.29980,2.25,7.92
08.04.2013 00:06:34.186,1.29984,1.29980,1.50,6.42
08.04.2013 00:06:34.727,1.29983,1.29980,1.88,3.00
08.04.2013 00:06:35.315,1.29983,1.29980,1.88,3.00
08.04.2013 00:06:35.909,1.29982,1.29980,1.50,1.50
08.04.2013 00:06:36.456,1.29983,1.29980,1.50,1.50
08.04.2013 00:06:37.348,1.29984,1.29980,1.50,3.00
08.04.2013 00:06:41.267,1.29983,1.29980,2.25,1.50
08.04.2013 00:06:42.436,1.29983,1.29980,1.88,3.00
08.04.2013 00:06:43.096,1.29983,1.29980,3.38,1.50
08.04.2013 00:06:44.775,1.29983,1.29979,4.88,1.50
08.04.2013 00:06:45.325,1.29983,1.29977,4.88,3.75
08.04.2013 00:06:45.746,1.29982,1.29979,2.25,1.32
08.04.2013 00:06:45.886,1.29980,1.29978,1.50,2.07
08.04.2013 00:06:46.427,1.29982,1.29980,2.25,1.32
08.04.2013 00:06:49.016,1.29982,1.29979,1.50,1.13
08.04.2013 00:06:50.045,1.29981,1.29978,1.50,1.88
08.04.2013 00:06:50.585,1.29982,1.29979,2.25,1.13
08.04.2013 00:06:51.526,1.29982,1.29980,1.50,1.88
08.04.2013 00:06:52.247,1.29983,1.29980,2.25,1.88
08.04.2013 00:06:52.796,1.29983,1.29980,1.50,1.88
08.04.2013 00:06:53.227,1.29984,1.29980,2.63,2.63
08.04.2013 00:06:53.656,1.29984,1.29980,1.13,4.88
08.04.2013 00:06:54.166,1.29984,1.29980,1.13,1.32
08.04.2013 00:06:54.526,1.29981,1.29977,1.13,3.90
08.04.2013 00:06:54.586,1.29981,1.29977,1.13,3.90
08.04.2013 00:06:54.706,1.29983,1.29978,1.50,1.50
08.04.2013 00:06:55.246,1.29983,1.29978,2.25,1.50
08.04.2013 00:06:55.366,1.29982,1.29978,1.50,1.50
08.04.2013 00:06:55.607,1.29978,1.29976,1.50,3.00
08.04.2013 00:06:56.584,1.29978,1.29972,1.50,3.30
08.04.2013 00:06:56.662,1.29977,1.29972,1.50,1.65
08.04.2013 00:06:56.728,1.29978,1.29973,4.13,1.50
08.04.2013 00:06:57.100,1.29975,1.29971,7.13,2.78
08.04.2013 00:06:57.227,1.29975,1.29973,5.63,1.50
08.04.2013 00:06:59.487,1.29975,1.29971,7.88,1.28
08.04.2013 00:07:00.046,1.29974,1.29971,1.50,1.13
08.04.2013 00:07:04.058,1.29972,1.29970,1.50,3.75
08.04.2013 00:07:04.307,1.29971,1.29968,2.25,3.15
08.04.2013 00:07:04.426,1.29970,1.29968,2.25,2.25
08.04.2013 00:07:04.936,1.29970,1.29967,2.25,2.25
08.04.2013 00:07:05.487,1.29970,1.29966,3.00,6.75
08.04.2013 00:07:05.609,1.29969,1.29965,4.50,6.15
08.04.2013 00:07:05.738,1.29968,1.29965,2.63,1.88
08.04.2013 00:07:05.796,1.29967,1.29964,1.13,2.25
08.04.2013 00:07:05.858,1.29967,1.29964,2.63,1.50
08.04.2013 00:07:06.047,1.29968,1.29962,2.25,1.65
08.04.2013 00:07:06.167,1.29967,1.29961,3.75,1.28
08.04.2013 00:07:06.588,1.29962,1.29959,1.50,2.18
08.04.2013 00:07:07.086,1.29963,1.29959,1.73,11.93
08.04.2013 00:07:07.146,1.29964,1.29960,2.48,7.28
08.04.2013 00:07:07.646,1.29965,1.29960,2.40,6.53
08.04.2013 00:07:09.517,1.29965,1.29962,3.00,2.63
08.04.2013 00:07:09.646,1.29966,1.29962,1.50,2.55
08.04.2013 00:07:11.237,1.29966,1.29960,2.25,4.65
08.04.2013 00:07:11.789,1.29966,1.29961,2.25,1.65
08.04.2013 00:07:13.116,1.29966,1.29960,2.25,4.65
08.04.2013 00:07:13.238,1.29966,1.29960,1.50,2.78
08.04.2013 00:07:13.785,1.29965,1.29960,2.08,3.53
08.04.2013 00:07:13.847,1.29963,1.29960,2.25,2.03
08.04.2013 00:07:16.736,1.29966,1.29961,3.00,2.25
08.04.2013 00:07:16.797,1.29966,1.29962,2.25,1.05
08.04.2013 00:07:17.217,1.29966,1.29961,3.38,1.50
08.04.2013 00:07:17.697,1.29963,1.29960,2.25,3.75
08.04.2013 00:07:23.489,1.29965,1.29960,1.50,3.00
08.04.2013 00:07:23.677,1.29966,1.29961,3.00,1.50
08.04.2013 00:07:24.238,1.29967,1.29961,3.75,1.50
08.04.2013 00:07:24.826,1.29967,1.29962,3.00,1.50
08.04.2013 00:07:25.497,1.29967,1.29960,3.75,3.53
08.04.2013 00:07:25.846,1.29967,1.29965,3.00,2.63
08.04.2013 00:07:26.397,1.29969,1.29966,1.50,1.50
08.04.2013 00:07:26.957,1.29970,1.29965,3.75,5.78
08.04.2013 00:07:27.506,1.29970,1.29967,2.25,1.50
08.04.2013 00:07:29.006,1.29969,1.29966,1.50,3.00
08.04.2013 00:07:29.518,1.29969,1.29966,1.50,3.00
08.04.2013 00:07:30.026,1.29969,1.29965,3.00,2.78
08.04.2013 00:07:30.328,1.29967,1.29963,2.25,1.50
08.04.2013 00:07:30.396,1.29967,1.29960,3.38,2.78
08.04.2013 00:07:32.667,1.29965,1.29960,1.05,2.03
08.04.2013 00:07:33.625,1.29965,1.29960,1.80,2.78
08.04.2013 00:07:34.226,1.29965,1.29960,1.80,2.78
08.04.2013 00:07:35.717,1.29965,1.29960,2.55,2.78
08.04.2013 00:07:36.197,1.29965,1.29960,1.80,2.78
08.04.2013 00:07:36.557,1.29965,1.29960,1.80,2.03
08.04.2013 00:07:36.616,1.29965,1.29960,1.80,2.03
08.04.2013 00:07:36.796,1.29965,1.29960,1.80,2.03
08.04.2013 00:07:38.127,1.29966,1.29962,3.00,1.05
08.04.2013 00:07:38.687,1.29966,1.29962,1.80,1.43
08.04.2013 00:07:39.226,1.29966,1.29960,1.80,4.65
08.04.2013 00:07:41.456,1.29966,1.29961,1.05,1.28
08.04.2013 00:07:43.206,1.29966,1.29961,1.66,1.28
08.04.2013 00:07:45.298,1.29966,1.29961,2.25,1.28
08.04.2013 00:07:46.016,1.29966,1.29961,1.50,1.28
08.04.2013 00:07:46.316,1.29965,1.29961,2.22,1.13
08.04.2013 00:07:47.807,1.29965,1.29961,1.47,1.28
08.04.2013 00:07:48.467,1.29964,1.29960,1.50,5.25
08.04.2013 00:07:48.718,1.29964,1.29961,1.50,1.13
08.04.2013 00:07:49.257,1.29963,1.29960,3.38,2.25
08.04.2013 00:07:50.217,1.29962,1.29960,1.50,1.13
08.04.2013 00:07:56.177,1.29964,1.29959,2.63,2.25
08.04.2013 00:08:00.457,1.29962,1.29959,1.50,1.50
08.04.2013 00:08:07.962,1.29963,1.29960,2.63,1.50
08.04.2013 00:08:09.787,1.29963,1.29959,3.38,3.00
08.04.2013 00:08:11.957,1.29964,1.29960,2.63,1.65
08.04.2013 00:08:12.497,1.29964,1.29961,1.50,1.13
08.04.2013 00:08:13.038,1.29964,1.29961,1.50,1.13
08.04.2013 00:08:13.408,1.29965,1.29961,3.72,1.13
08.04.2013 00:08:13.956,1.29964,1.29960,1.50,6.94
08.04.2013 00:08:15.637,1.29965,1.29961,3.00,1.13
08.04.2013 00:08:16.337,1.29964,1.29961,1.50,1.13
08.04.2013 00:08:17.446,1.29965,1.29961,4.32,1.13
08.04.2013 00:08:17.569,1.29964,1.29961,1.50,1.88
08.04.2013 00:08:17.877,1.29965,1.29962,1.50,2.25
08.04.2013 00:08:17.936,1.29965,1.29962,2.25,2.25
08.04.2013 00:08:18.850,1.29965,1.29961,2.25,2.07
08.04.2013 00:08:19.422,1.29965,1.29961,4.50,1.32
08.04.2013 00:08:20.066,1.29965,1.29961,3.00,1.32
08.04.2013 00:08:20.688,1.29965,1.29960,3.00,5.82
08.04.2013 00:08:21.106,1.29966,1.29961,2.63,3.19
08.04.2013 00:08:21.287,1.29966,1.29963,1.50,1.84
08.04.2013 00:08:21.828,1.29966,1.29964,1.50,1.50
08.04.2013 00:08:22.246,1.29968,1.29965,1.88,11.63
08.04.2013 00:08:22.377,1.29969,1.29966,1.50,4.54
08.04.2013 00:08:22.437,1.29970,1.29967,1.88,3.00
08.04.2013 00:08:22.557,1.29969,1.29966,1.50,6.42
08.04.2013 00:08:23.097,1.29970,1.29966,3.00,5.63
08.04.2013 00:08:23.617,1.29970,1.29967,2.25,1.50
08.04.2013 00:08:24.646,1.29970,1.29966,2.25,6.38
08.04.2013 00:08:25.317,1.29970,1.29966,3.00,5.63
08.04.2013 00:08:25.856,1.29970,1.29966,3.00,5.82
08.04.2013 00:08:26.397,1.29970,1.29966,1.50,6.57
08.04.2013 00:08:28.497,1.29970,1.29966,2.25,6.57
08.04.2013 00:08:30.458,1.29970,1.29966,3.00,4.88
08.04.2013 00:08:31.016,1.29970,1.29966,1.50,4.88
08.04.2013 00:08:31.656,1.29970,1.29965,2.25,6.15
08.04.2013 00:08:32.196,1.29968,1.29965,1.50,3.90
08.04.2013 00:08:34.248,1.29968,1.29965,1.50,3.00
08.04.2013 00:08:34.669,1.29967,1.29964,1.50,1.65
08.04.2013 00:08:34.917,1.29966,1.29962,1.50,1.88
08.04.2013 00:08:35.427,1.29967,1.29962,1.50,2.25
08.04.2013 00:08:36.468,1.29967,1.29962,1.50,1.50
08.04.2013 00:08:40.886,1.29967,1.29962,1.50,2.55
08.04.2013 00:08:41.446,1.29968,1.29962,1.50,2.55
08.04.2013 00:08:42.276,1.29967,1.29963,1.50,1.65
08.04.2013 00:08:42.396,1.29970,1.29967,1.50,3.00
08.04.2013 00:08:42.996,1.29971,1.29968,1.50,4.50
08.04.2013 00:08:45.267,1.29970,1.29967,3.00,2.25
08.04.2013 00:08:49.647,1.29972,1.29967,4.64,2.25
08.04.2013 00:08:50.837,1.29972,1.29967,4.64,3.75
08.04.2013 00:08:53.057,1.29972,1.29967,4.64,2.25
08.04.2013 00:08:53.638,1.29972,1.29967,4.64,3.75
08.04.2013 00:08:54.176,1.29972,1.29967,3.14,3.75
08.04.2013 00:08:55.016,1.29972,1.29967,3.89,3.75
08.04.2013 00:08:55.396,1.29972,1.29967,3.89,4.50
08.04.2013 00:08:56.157,1.29972,1.29967,3.89,3.00
08.04.2013 00:08:56.880,1.29972,1.29967,3.89,3.75
08.04.2013 00:08:57.399,1.29972,1.29967,3.89,3.00
08.04.2013 00:08:58.017,1.29972,1.29967,4.64,2.25
08.04.2013 00:09:03.457,1.29973,1.29968,1.88,1.09
08.04.2013 00:09:03.998,1.29974,1.29970,2.25,1.50
08.04.2013 00:09:04.546,1.29972,1.29969,1.50,3.00
08.04.2013 00:09:04.907,1.29973,1.29967,1.88,3.75
08.04.2013 00:09:05.375,1.29973,1.29967,1.88,3.00
08.04.2013 00:09:13.939,1.29973,1.29967,1.13,3.75
08.04.2013 00:09:14.190,1.29974,1.29967,1.50,4.80
08.04.2013 00:09:14.872,1.29975,1.29969,4.88,3.00
08.04.2013 00:09:18.367,1.29975,1.29970,4.88,1.13
08.04.2013 00:09:18.628,1.29975,1.29971,1.88,1.50
08.04.2013 00:09:19.657,1.29975,1.29970,3.38,3.38
08.04.2013 00:09:20.397,1.29975,1.29970,4.13,1.88
08.04.2013 00:09:20.957,1.29975,1.29970,4.13,1.13
08.04.2013 00:09:25.476,1.29975,1.29970,4.13,1.47
08.04.2013 00:09:26.249,1.29975,1.29970,3.00,2.59
08.04.2013 00:09:26.766,1.29975,1.29970,3.00,1.88
08.04.2013 00:09:29.858,1.29974,1.29970,1.50,1.13
08.04.2013 00:09:30.457,1.29974,1.29970,1.50,1.32
08.04.2013 00:09:30.637,1.29971,1.29969,1.50,3.00
08.04.2013 00:09:31.651,1.29970,1.29966,1.88,2.63
08.04.2013 00:09:32.167,1.29970,1.29966,1.50,3.00
08.04.2013 00:09:32.476,1.29974,1.29968,3.75,1.65
08.04.2013 00:09:32.976,1.29974,1.29968,3.00,2.40
08.04.2013 00:09:34.997,1.29973,1.29968,1.50,1.65
08.04.2013 00:09:38.415,1.29973,1.29969,1.50,1.65
08.04.2013 00:09:38.956,1.29974,1.29970,1.50,1.50
08.04.2013 00:09:39.496,1.29973,1.29968,1.50,5.55
08.04.2013 00:09:40.037,1.29973,1.29969,1.50,2.40
08.04.2013 00:09:41.207,1.29972,1.29969,1.50,1.50
08.04.2013 00:09:41.747,1.29970,1.29965,2.25,6.23
08.04.2013 00:09:41.927,1.29970,1.29965,3.00,4.35
08.04.2013 00:09:46.146,1.29969,1.29965,1.50,3.60
08.04.2013 00:09:47.168,1.29969,1.29965,1.50,3.75
08.04.2013 00:09:47.733,1.29969,1.29965,2.25,3.75
08.04.2013 00:09:51.776,1.29967,1.29965,1.50,3.19
08.04.2013 00:09:52.326,1.29966,1.29959,1.50,7.13
08.04.2013 00:09:52.887,1.29965,1.29959,3.00,6.75
08.04.2013 00:09:53.777,1.29965,1.29960,2.25,1.50
08.04.2013 00:10:00.058,1.29965,1.29960,3.75,1.50
08.04.2013 00:10:00.605,1.29965,1.29959,3.75,3.75
08.04.2013 00:10:01.726,1.29965,1.29960,1.50,5.03
08.04.2013 00:10:02.426,1.29965,1.29960,1.50,5.78
08.04.2013 00:10:04.067,1.29965,1.29960,2.25,3.53
08.04.2013 00:10:06.116,1.29965,1.29960,3.00,2.03
08.04.2013 00:10:07.136,1.29963,1.29959,1.50,1.50
08.04.2013 00:10:11.776,1.29962,1.29958,1.50,3.34
08.04.2013 00:10:13.581,1.29963,1.29960,1.50,1.84
08.04.2013 00:10:15.407,1.29965,1.29960,2.25,2.78
08.04.2013 00:10:16.816,1.29965,1.29960,3.00,2.78
08.04.2013 00:10:16.997,1.29964,1.29960,1.50,1.50
08.04.2013 00:10:17.976,1.29965,1.29960,3.00,1.28
08.04.2013 00:10:19.424,1.29964,1.29960,1.50,2.03
08.04.2013 00:10:23.326,1.29965,1.29960,1.88,2.78
08.04.2013 00:10:25.586,1.29965,1.29960,3.00,3.53
08.04.2013 00:10:26.137,1.29965,1.29960,3.75,3.53
08.04.2013 00:10:29.076,1.29965,1.29960,1.50,3.53
08.04.2013 00:10:29.698,1.29965,1.29960,3.75,2.78
08.04.2013 00:10:29.757,1.29965,1.29960,3.75,2.63
08.04.2013 00:10:30.295,1.29964,1.29959,1.50,1.50
08.04.2013 00:10:32.442,1.29964,1.29958,1.50,1.65
08.04.2013 00:10:35.499,1.29964,1.29959,1.50,1.50
08.04.2013 00:10:36.057,1.29965,1.29959,5.25,1.50
08.04.2013 00:10:36.571,1.29964,1.29959,1.50,1.50
08.04.2013 00:10:41.766,1.29964,1.29959,3.00,1.50
08.04.2013 00:10:45.785,1.29964,1.29959,3.00,1.50
08.04.2013 00:10:47.218,1.29964,1.29959,3.00,1.50
08.04.2013 00:10:47.896,1.29964,1.29959,2.25,1.50
08.04.2013 00:10:51.938,1.29964,1.29960,3.38,1.50
08.04.2013 00:10:57.816,1.29964,1.29959,2.63,2.40
08.04.2013 00:11:00.186,1.29962,1.29959,3.38,3.15
08.04.2013 00:11:00.546,1.29959,1.29956,2.25,2.63
08.04.2013 00:11:00.936,1.29959,1.29955,2.25,6.75
08.04.2013 00:11:01.296,1.29959,1.29955,3.00,1.88
08.04.2013 00:11:01.356,1.29956,1.29954,1.50,1.50
08.04.2013 00:11:01.955,1.29957,1.29953,1.50,2.40
08.04.2013 00:11:02.546,1.29958,1.29952,1.50,3.53
08.04.2013 00:11:02.870,1.29957,1.29954,1.50,1.50
08.04.2013 00:11:03.178,1.29958,1.29955,1.50,1.13
08.04.2013 00:11:03.297,1.29960,1.29956,3.00,1.28
08.04.2013 00:11:03.417,1.29957,1.29954,1.50,3.00
08.04.2013 00:11:03.600,1.29958,1.29955,1.50,1.13
08.04.2013 00:11:04.146,1.29958,1.29954,3.00,1.43
08.04.2013 00:11:04.547,1.29957,1.29953,1.13,3.00
08.04.2013 00:11:04.847,1.29954,1.29949,4.50,5.25
08.04.2013 00:11:04.908,1.29954,1.29949,4.50,4.50
08.04.2013 00:11:05.417,1.29954,1.29950,4.50,2.25
08.04.2013 00:11:06.256,1.29953,1.29949,2.63,2.25
08.04.2013 00:11:06.316,1.29953,1.29947,2.63,1.50
08.04.2013 00:11:06.975,1.29953,1.29946,4.88,3.75
08.04.2013 00:11:07.506,1.29953,1.29946,4.88,3.75
08.04.2013 00:11:07.813,1.29949,1.29945,1.50,4.13
08.04.2013 00:11:08.117,1.29945,1.29943,3.00,1.50
08.04.2013 00:11:08.237,1.29946,1.29940,1.50,1.88
08.04.2013 00:11:08.356,1.29947,1.29940,1.88,5.03
08.04.2013 00:11:08.776,1.29948,1.29944,2.25,1.50
08.04.2013 00:11:10.076,1.29947,1.29944,1.50,1.50
08.04.2013 00:11:10.387,1.29946,1.29940,2.25,2.03
08.04.2013 00:11:11.268,1.29947,1.29940,3.75,4.28
08.04.2013 00:11:11.457,1.29946,1.29940,1.50,3.53
08.04.2013 00:11:11.997,1.29945,1.29940,1.50,3.53
08.04.2013 00:11:12.537,1.29946,1.29940,1.50,4.28
08.04.2013 00:11:13.086,1.29946,1.29940,3.00,5.78
08.04.2013 00:11:13.628,1.29946,1.29940,3.00,5.78
08.04.2013 00:11:13.837,1.29947,1.29943,1.50,1.50
08.04.2013 00:11:14.017,1.29949,1.29946,1.50,1.50
08.04.2013 00:11:14.257,1.29950,1.29948,3.75,2.25
08.04.2013 00:11:14.805,1.29951,1.29948,3.00,3.00
08.04.2013 00:11:15.705,1.29951,1.29948,2.63,1.50
08.04.2013 00:11:16.246,1.29951,1.29949,3.00,1.50
08.04.2013 00:11:17.586,1.29951,1.29947,3.00,2.25
08.04.2013 00:11:17.889,1.29949,1.29946,2.25,1.50
08.04.2013 00:11:17.957,1.29948,1.29945,1.50,4.28
08.04.2013 00:11:18.318,1.29946,1.29944,2.25,1.50
08.04.2013 00:11:18.807,1.29949,1.29946,1.50,1.50
08.04.2013 00:11:18.926,1.29950,1.29948,1.50,1.50
08.04.2013 00:11:19.226,1.29951,1.29946,1.50,4.50
08.04.2013 00:11:20.897,1.29950,1.29946,1.50,3.75
08.04.2013 00:11:23.847,1.29951,1.29946,1.50,3.75
08.04.2013 00:11:23.912,1.29952,1.29949,1.50,2.25
08.04.2013 00:11:24.309,1.29952,1.29949,1.50,2.25
08.04.2013 00:11:24.867,1.29953,1.29950,1.13,1.50
08.04.2013 00:11:25.946,1.29953,1.29950,1.88,2.25
08.04.2013 00:11:26.490,1.29953,1.29950,1.13,2.25
08.04.2013 00:11:28.729,1.29953,1.29950,1.13,2.25
08.04.2013 00:11:29.236,1.29954,1.29951,3.38,1.50
08.04.2013 00:11:30.326,1.29954,1.29950,3.75,3.00
08.04.2013 00:11:30.865,1.29953,1.29950,1.50,1.50
08.04.2013 00:11:32.828,1.29954,1.29950,3.75,1.50
08.04.2013 00:11:35.836,1.29954,1.29950,2.25,1.50
08.04.2013 00:11:38.477,1.29955,1.29950,11.55,3.00
08.04.2013 00:11:41.277,1.29955,1.29951,11.55,3.00
08.04.2013 00:11:41.835,1.29955,1.29950,12.30,2.25
08.04.2013 00:11:42.509,1.29954,1.29950,1.13,1.50
08.04.2013 00:11:44.056,1.29955,1.29950,11.55,3.00
08.04.2013 00:11:44.616,1.29955,1.29950,11.18,3.00
08.04.2013 00:11:47.806,1.29955,1.29950,12.68,3.00
08.04.2013 00:11:48.361,1.29953,1.29950,1.50,2.25
08.04.2013 00:11:51.986,1.29953,1.29950,1.50,2.25
08.04.2013 00:11:59.445,1.29953,1.29950,1.50,2.25
08.04.2013 00:11:59.826,1.29953,1.29950,1.50,2.63
08.04.2013 00:11:59.887,1.29953,1.29950,1.50,2.40
08.04.2013 00:11:59.947,1.29954,1.29950,1.50,2.40
08.04.2013 00:12:00.187,1.29955,1.29952,7.80,1.50
08.04.2013 00:12:00.320,1.29957,1.29953,1.20,1.50
08.04.2013 00:12:00.390,1.29958,1.29954,3.38,1.50
08.04.2013 00:12:00.767,1.29957,1.29950,1.50,2.63
08.04.2013 00:12:01.006,1.29956,1.29951,1.50,1.50
08.04.2013 00:12:01.606,1.29955,1.29949,3.00,3.75
08.04.2013 00:12:02.416,1.29955,1.29948,3.00,2.03
08.04.2013 00:12:02.956,1.29954,1.29947,3.75,1.50
08.04.2013 00:12:03.076,1.29952,1.29947,1.13,1.50
08.04.2013 00:12:04.029,1.29949,1.29945,1.50,1.13
08.04.2013 00:12:04.157,1.29947,1.29941,1.13,1.13
08.04.2013 00:12:04.276,1.29947,1.29940,2.63,1.28
08.04.2013 00:12:05.247,1.29946,1.29940,1.50,2.03
08.04.2013 00:12:06.357,1.29947,1.29940,3.38,2.03
08.04.2013 00:12:06.937,1.29947,1.29941,3.38,1.50
08.04.2013 00:12:07.931,1.29947,1.29940,2.25,2.78
08.04.2013 00:12:09.906,1.29947,1.29940,2.25,2.03
08.04.2013 00:12:10.326,1.29947,1.29941,3.00,1.50
08.04.2013 00:12:10.386,1.29947,1.29941,2.25,4.13
08.04.2013 00:12:12.176,1.29947,1.29942,1.50,1.05
08.04.2013 00:12:19.236,1.29947,1.29942,1.50,1.05
08.04.2013 00:12:26.459,1.29943,1.29940,2.40,3.53
08.04.2013 00:12:26.590,1.29940,1.29938,1.88,2.63
08.04.2013 00:12:26.657,1.29940,1.29936,1.13,3.75
08.04.2013 00:12:26.957,1.29940,1.29935,4.13,2.25
08.04.2013 00:12:27.137,1.29935,1.29933,1.50,1.50
08.04.2013 00:12:27.256,1.29935,1.29931,3.00,1.50
08.04.2013 00:12:27.377,1.29935,1.29931,2.25,3.00
08.04.2013 00:12:27.436,1.29933,1.29929,1.50,3.75
08.04.2013 00:12:28.278,1.29933,1.29929,1.50,2.25
08.04.2013 00:12:31.689,1.29933,1.29929,1.50,2.25
08.04.2013 00:12:32.336,1.29933,1.29929,1.50,2.25
08.04.2013 00:12:34.606,1.29934,1.29929,1.50,3.75
08.04.2013 00:12:35.753,1.29935,1.29930,2.25,3.90
08.04.2013 00:12:36.177,1.29937,1.29931,1.50,2.78
08.04.2013 00:12:36.476,1.29937,1.29932,1.50,2.40
08.04.2013 00:12:37.795,1.29938,1.29935,1.50,3.00
08.04.2013 00:12:37.857,1.29938,1.29936,1.50,2.48
08.04.2013 00:12:38.054,1.29940,1.29936,4.88,1.50
08.04.2013 00:12:38.261,1.29943,1.29940,2.25,1.50
08.04.2013 00:12:38.997,1.29945,1.29940,4.50,4.50
08.04.2013 00:12:39.057,1.29945,1.29941,1.50,1.65
08.04.2013 00:12:39.478,1.29947,1.29942,2.25,1.05
08.04.2013 00:12:40.879,1.29947,1.29941,2.25,2.78
08.04.2013 00:12:42.198,1.29947,1.29942,2.25,1.05
08.04.2013 00:12:45.896,1.29948,1.29941,2.25,1.88
08.04.2013 00:12:46.017,1.29945,1.29940,2.25,2.03
08.04.2013 00:12:54.958,1.29942,1.29939,2.93,2.18
08.04.2013 00:12:55.927,1.29944,1.29940,1.50,1.28
08.04.2013 00:12:57.507,1.29943,1.29940,1.88,1.28
08.04.2013 00:12:57.686,1.29942,1.29938,1.13,1.65
08.04.2013 00:12:58.408,1.29940,1.29937,1.50,2.55
08.04.2013 00:12:58.486,1.29941,1.29939,3.38,1.50
08.04.2013 00:12:59.347,1.29941,1.29938,4.13,1.65
08.04.2013 00:13:03.241,1.29945,1.29937,5.78,1.88
08.04.2013 00:13:03.311,1.29945,1.29938,4.65,1.50
08.04.2013 00:13:03.378,1.29945,1.29939,5.40,1.76
08.04.2013 00:13:03.737,1.29940,1.29937,3.00,1.88
08.04.2013 00:13:04.398,1.29939,1.29935,4.50,4.50
08.04.2013 00:13:04.469,1.29936,1.29934,1.50,1.13
08.04.2013 00:13:04.659,1.29935,1.29930,1.50,2.40
08.04.2013 00:13:04.866,1.29935,1.29930,5.25,1.28
08.04.2013 00:13:06.118,1.29935,1.29930,6.00,2.03
08.04.2013 00:13:06.667,1.29934,1.29930,1.50,2.03
08.04.2013 00:13:07.148,1.29937,1.29933,2.25,1.73
08.04.2013 00:13:07.217,1.29936,1.29933,1.88,1.50
08.04.2013 00:13:07.278,1.29939,1.29935,4.13,1.65
08.04.2013 00:13:07.406,1.29936,1.29933,2.25,1.50
08.04.2013 00:13:07.587,1.29937,1.29931,3.00,2.25
08.04.2013 00:13:08.126,1.29936,1.29931,1.50,1.65
08.04.2013 00:13:08.716,1.29937,1.29931,1.50,2.40
08.04.2013 00:13:09.481,1.29937,1.29931,3.00,2.40
08.04.2013 00:13:11.657,1.29937,1.29932,3.00,1.65
08.04.2013 00:13:12.018,1.29937,1.29933,2.93,1.05
08.04.2013 00:13:12.377,1.29938,1.29934,2.18,1.80
08.04.2013 00:13:12.807,1.29940,1.29936,1.50,1.88
08.04.2013 00:13:13.908,1.29939,1.29936,3.75,1.88
08.04.2013 00:13:14.149,1.29936,1.29934,1.50,1.50
08.04.2013 00:13:14.216,1.29936,1.29931,1.50,1.28
08.04.2013 00:13:14.757,1.29935,1.29930,1.50,3.90
08.04.2013 00:13:15.058,1.29935,1.29932,1.50,3.75
08.04.2013 00:13:15.121,1.29939,1.29935,2.63,3.90
08.04.2013 00:13:15.248,1.29940,1.29935,1.50,3.15
08.04.2013 00:13:15.560,1.29943,1.29939,2.63,2.25
08.04.2013 00:13:15.630,1.29943,1.29938,3.38,3.90
08.04.2013 00:13:16.177,1.29943,1.29940,1.13,1.50
08.04.2013 00:13:17.286,1.29944,1.29940,2.25,1.50
08.04.2013 00:13:17.469,1.29944,1.29938,2.25,3.90
08.04.2013 00:13:17.916,1.29941,1.29937,1.50,3.00
08.04.2013 00:13:18.457,1.29940,1.29932,7.50,3.15
08.04.2013 00:13:18.998,1.29938,1.29932,1.50,2.40
08.04.2013 00:13:20.831,1.29935,1.29930,1.50,2.78
08.04.2013 00:13:20.956,1.29935,1.29930,2.25,2.03
08.04.2013 00:13:21.678,1.29935,1.29930,2.25,2.03
08.04.2013 00:13:22.247,1.29935,1.29930,3.00,1.28
08.04.2013 00:13:22.919,1.29934,1.29930,1.13,1.13
08.04.2013 00:13:22.992,1.29930,1.29928,1.50,2.25
08.04.2013 00:13:23.119,1.29929,1.29926,1.50,3.00
08.04.2013 00:13:23.248,1.29928,1.29924,1.50,1.50
08.04.2013 00:13:23.547,1.29928,1.29922,2.63,2.25
08.04.2013 00:13:23.906,1.29925,1.29920,4.88,3.15
08.04.2013 00:13:23.968,1.29925,1.29921,4.13,2.25
08.04.2013 00:13:24.576,1.29925,1.29920,1.13,6.53
08.04.2013 00:13:25.147,1.29927,1.29921,2.63,3.15
08.04.2013 00:13:25.207,1.29927,1.29922,1.13,1.65
08.04.2013 00:13:26.507,1.29927,1.29922,1.88,1.65
08.04.2013 00:13:27.366,1.29926,1.29921,1.50,2.78
08.04.2013 00:13:27.906,1.29926,1.29921,1.50,3.53
08.04.2013 00:13:29.406,1.29926,1.29921,1.50,1.28
08.04.2013 00:13:29.888,1.29925,1.29919,2.25,3.00
08.04.2013 00:13:31.097,1.29924,1.29920,1.50,1.50
08.04.2013 00:13:40.177,1.29927,1.29920,1.50,5.78
08.04.2013 00:13:40.716,1.29927,1.29922,1.50,1.65
08.04.2013 00:13:41.437,1.29927,1.29922,1.50,1.65
08.04.2013 00:13:43.678,1.29927,1.29922,1.50,3.38
08.04.2013 00:13:44.179,1.29926,1.29921,1.50,2.63
08.04.2013 00:13:45.448,1.29926,1.29922,1.50,1.88
08.04.2013 00:13:45.987,1.29926,1.29922,1.50,1.13
08.04.2013 00:13:46.707,1.29926,1.29922,1.50,2.63
08.04.2013 00:13:47.796,1.29926,1.29922,1.50,2.63
08.04.2013 00:13:49.146,1.29928,1.29922,3.00,3.38
08.04.2013 00:13:51.237,1.29928,1.29922,3.00,3.38
08.04.2013 00:13:52.386,1.29928,1.29922,1.88,4.13
08.04.2013 00:13:52.887,1.29927,1.29922,1.50,2.63
08.04.2013 00:13:54.287,1.29928,1.29922,1.13,6.00
08.04.2013 00:13:54.866,1.29929,1.29924,1.50,4.50
08.04.2013 00:13:56.089,1.29929,1.29924,1.50,5.25
08.04.2013 00:13:57.157,1.29930,1.29925,2.63,2.25
08.04.2013 00:13:57.458,1.29930,1.29927,1.50,1.50
08.04.2013 00:13:57.818,1.29933,1.29929,3.00,4.88
08.04.2013 00:13:59.056,1.29934,1.29930,3.38,3.75
08.04.2013 00:13:59.357,1.29935,1.29932,1.50,3.00
08.04.2013 00:13:59.419,1.29937,1.29932,1.50,3.75
08.04.2013 00:13:59.788,1.29938,1.29933,1.13,3.00
08.04.2013 00:14:00.150,1.29939,1.29935,3.00,4.88
08.04.2013 00:14:00.459,1.29939,1.29938,2.25,1.50
08.04.2013 00:14:00.528,1.29941,1.29939,6.01,1.50
08.04.2013 00:14:01.017,1.29942,1.29940,3.75,1.50
08.04.2013 00:14:02.107,1.29943,1.29940,1.13,1.50
08.04.2013 00:14:03.035,1.29943,1.29939,1.13,3.00
08.04.2013 00:14:03.104,1.29943,1.29938,1.13,2.63
08.04.2013 00:14:04.100,1.29942,1.29937,4.50,2.10
08.04.2013 00:14:04.172,1.29941,1.29937,3.38,2.25
08.04.2013 00:14:04.297,1.29941,1.29935,5.03,2.25
08.04.2013 00:14:04.359,1.29939,1.29935,1.50,1.50
08.04.2013 00:14:04.898,1.29939,1.29934,1.50,2.40
08.04.2013 00:14:05.919,1.29937,1.29934,1.50,1.05
08.04.2013 00:14:06.238,1.29937,1.29932,4.32,4.28
08.04.2013 00:14:06.598,1.29934,1.29933,1.50,1.50
08.04.2013 00:14:06.719,1.29934,1.29931,2.25,3.38
08.04.2013 00:14:06.789,1.29933,1.29931,1.65,2.25
08.04.2013 00:14:06.857,1.29932,1.29930,1.50,1.50
08.04.2013 00:14:06.918,1.29931,1.29929,1.50,1.50
08.04.2013 00:14:06.978,1.29932,1.29927,1.50,3.75
08.04.2013 00:14:07.097,1.29931,1.29927,1.50,1.88
08.04.2013 00:14:07.639,1.29931,1.29926,1.50,1.50
08.04.2013 00:14:07.818,1.29930,1.29926,1.13,1.05
08.04.2013 00:14:07.880,1.29929,1.29925,2.25,2.03
08.04.2013 00:14:08.009,1.29929,1.29924,1.50,2.78
08.04.2013 00:14:08.188,1.29929,1.29922,1.88,1.50
08.04.2013 00:14:08.497,1.29928,1.29921,3.38,1.50
08.04.2013 00:14:08.737,1.29926,1.29921,1.50,1.50
08.04.2013 00:14:09.308,1.29926,1.29919,3.38,1.50
08.04.2013 00:14:09.836,1.29926,1.29918,3.38,1.50
08.04.2013 00:14:10.337,1.29924,1.29919,1.88,1.50
08.04.2013 00:14:10.639,1.29922,1.29919,1.50,2.25
08.04.2013 00:14:10.938,1.29923,1.29917,1.50,2.25
08.04.2013 00:14:11.358,1.29923,1.29916,4.28,1.50
08.04.2013 00:14:12.503,1.29922,1.29915,2.25,1.50
08.04.2013 00:14:13.337,1.29919,1.29912,2.25,2.25
08.04.2013 00:14:14.478,1.29918,1.29912,1.50,3.00
08.04.2013 00:14:14.658,1.29913,1.29910,1.50,1.65
08.04.2013 00:14:15.018,1.29914,1.29909,1.50,1.50
08.04.2013 00:14:15.437,1.29912,1.29907,1.50,1.13
08.04.2013 00:14:16.097,1.29912,1.29906,1.50,4.13
08.04.2013 00:14:16.637,1.29911,1.29906,1.50,4.13
08.04.2013 00:14:17.130,1.29914,1.29908,3.00,1.50
08.04.2013 00:14:17.798,1.29914,1.29909,2.25,1.50
08.04.2013 00:14:18.336,1.29915,1.29908,2.63,3.90
08.04.2013 00:14:18.697,1.29915,1.29910,1.50,1.50
08.04.2013 00:14:18.937,1.29915,1.29910,1.50,3.75
08.04.2013 00:14:19.877,1.29914,1.29910,2.25,3.75
08.04.2013 00:14:19.939,1.29914,1.29910,2.25,3.00
08.04.2013 00:14:19.998,1.29913,1.29910,1.65,2.25
08.04.2013 00:14:20.538,1.29915,1.29910,2.25,1.50
08.04.2013 00:14:20.658,1.29913,1.29910,1.65,1.50
08.04.2013 00:14:20.717,1.29911,1.29908,1.50,1.50
08.04.2013 00:14:21.137,1.29916,1.29909,1.50,1.50
08.04.2013 00:14:21.258,1.29915,1.29910,1.50,1.50
08.04.2013 00:14:22.217,1.29915,1.29910,1.50,1.50
08.04.2013 00:14:22.729,1.29915,1.29910,1.50,1.50
08.04.2013 00:14:23.728,1.29915,1.29910,1.50,2.25
08.04.2013 00:14:24.118,1.29914,1.29910,1.13,1.50
08.04.2013 00:14:24.477,1.29914,1.29909,1.50,1.88
08.04.2013 00:14:24.537,1.29914,1.29908,3.00,3.00
08.04.2013 00:14:25.076,1.29912,1.29908,1.50,3.75
08.04.2013 00:14:25.318,1.29912,1.29907,1.50,3.00
08.04.2013 00:14:25.377,1.29911,1.29906,1.50,1.50
08.04.2013 00:14:25.917,1.29911,1.29905,1.50,2.63
08.04.2013 00:14:26.938,1.29909,1.29902,1.50,1.50
08.04.2013 00:14:27.477,1.29907,1.29900,1.50,4.50
08.04.2013 00:14:27.658,1.29904,1.29900,2.63,3.00
08.04.2013 00:14:27.719,1.29902,1.29899,1.50,1.13
08.04.2013 00:14:27.779,1.29901,1.29898,1.50,5.63
08.04.2013 00:14:28.328,1.29900,1.29897,1.50,1.50
08.04.2013 00:14:28.387,1.29900,1.29896,2.25,2.25
08.04.2013 00:14:28.760,1.29900,1.29896,1.50,2.25
08.04.2013 00:14:29.318,1.29900,1.29896,1.50,2.25
08.04.2013 00:14:29.858,1.29901,1.29897,2.25,1.65
08.04.2013 00:14:29.918,1.29902,1.29898,2.25,1.50
08.04.2013 00:14:30.156,1.29904,1.29900,1.13,1.50
08.04.2013 00:14:30.972,1.29906,1.29901,1.88,3.00
08.04.2013 00:14:31.166,1.29906,1.29901,1.50,3.00
08.04.2013 00:14:32.249,1.29909,1.29902,2.63,4.50
08.04.2013 00:14:32.667,1.29909,1.29904,1.88,1.50
08.04.2013 00:14:33.758,1.29909,1.29907,1.13,2.25
08.04.2013 00:14:34.031,1.29911,1.29907,1.50,1.50
08.04.2013 00:14:34.241,1.29913,1.29907,1.50,1.28
08.04.2013 00:14:34.549,1.29914,1.29911,3.75,1.50
08.04.2013 00:14:34.618,1.29913,1.29909,1.50,1.50
08.04.2013 00:14:34.738,1.29910,1.29905,2.25,2.78
08.04.2013 00:14:34.979,1.29908,1.29903,1.65,1.50
08.04.2013 00:14:35.516,1.29907,1.29902,1.50,2.25
08.04.2013 00:14:36.038,1.29907,1.29902,1.50,1.50
08.04.2013 00:14:36.547,1.29907,1.29902,1.50,1.50
08.04.2013 00:14:37.288,1.29905,1.29900,1.50,3.00
08.04.2013 00:14:37.708,1.29903,1.29898,1.50,1.50
08.04.2013 00:14:38.011,1.29902,1.29897,1.50,3.00
08.04.2013 00:14:38.081,1.29900,1.29897,1.50,1.50
08.04.2013 00:14:38.149,1.29900,1.29896,1.50,4.65
08.04.2013 00:14:38.347,1.29900,1.29894,1.50,2.25
08.04.2013 00:14:38.709,1.29898,1.29894,3.00,1.50
08.04.2013 00:14:39.268,1.29895,1.29892,1.50,1.50
08.04.2013 00:14:39.817,1.29895,1.29891,1.50,3.00
08.04.2013 00:14:40.116,1.29896,1.29892,1.50,2.25
08.04.2013 00:14:40.717,1.29896,1.29892,1.50,1.50
08.04.2013 00:14:41.017,1.29899,1.29894,1.13,3.00
08.04.2013 00:14:41.319,1.29900,1.29895,1.13,1.65
08.04.2013 00:14:41.388,1.29900,1.29896,1.50,2.78
08.04.2013 00:14:41.928,1.29900,1.29896,1.50,2.25
08.04.2013 00:14:42.709,1.29900,1.29896,1.50,2.25
08.04.2013 00:14:43.095,1.29900,1.29896,6.00,2.25
08.04.2013 00:14:43.299,1.29901,1.29897,2.25,1.50
08.04.2013 00:14:43.368,1.29901,1.29896,3.38,1.50
08.04.2013 00:14:43.488,1.29900,1.29894,1.50,3.90
08.04.2013 00:14:43.787,1.29898,1.29891,1.50,8.40
08.04.2013 00:14:43.907,1.29895,1.29891,1.50,4.13
08.04.2013 00:14:44.654,1.29896,1.29891,1.50,1.50
08.04.2013 00:14:45.637,1.29897,1.29891,1.50,1.50
08.04.2013 00:14:45.697,1.29897,1.29892,1.50,2.25
08.04.2013 00:14:46.658,1.29899,1.29893,2.25,1.50
08.04.2013 00:14:46.897,1.29899,1.29893,1.50,1.88
08.04.2013 00:14:47.020,1.29900,1.29896,6.38,2.63
08.04.2013 00:14:47.208,1.29903,1.29898,2.03,3.00
08.04.2013 00:14:47.447,1.29903,1.29899,1.50,1.50
08.04.2013 00:14:47.869,1.29902,1.29898,2.25,1.50
08.04.2013 00:14:48.227,1.29903,1.29899,1.50,3.00
08.04.2013 00:14:48.531,1.29903,1.29899,2.78,1.50
08.04.2013 00:14:48.719,1.29900,1.29896,1.50,1.50
08.04.2013 00:14:49.078,1.29901,1.29897,1.50,1.50
08.04.2013 00:14:49.579,1.29902,1.29897,1.50,1.50
08.04.2013 00:14:51.277,1.29902,1.29897,1.50,1.50
08.04.2013 00:14:52.479,1.29903,1.29899,1.50,1.50
08.04.2013 00:14:52.815,1.29905,1.29902,2.40,3.00
08.04.2013 00:14:53.238,1.29904,1.29902,1.50,1.50
08.04.2013 00:14:53.597,1.29904,1.29900,1.50,3.00
08.04.2013 00:14:55.499,1.29905,1.29901,1.13,3.00
08.04.2013 00:14:55.687,1.29908,1.29901,1.13,4.50
08.04.2013 00:14:56.107,1.29908,1.29905,1.13,1.50
08.04.2013 00:14:56.648,1.29910,1.29905,4.65,3.75
08.04.2013 00:14:57.009,1.29910,1.29907,1.13,1.50
08.04.2013 00:14:57.198,1.29910,1.29908,1.50,1.50
08.04.2013 00:14:57.498,1.29912,1.29909,2.25,1.50
08.04.2013 00:14:57.859,1.29914,1.29909,2.25,3.75
08.04.2013 00:14:57.987,1.29914,1.29910,2.03,1.50
08.04.2013 00:15:01.048,1.29917,1.29912,1.50,2.25
08.04.2013 00:15:03.847,1.29917,1.29912,2.25,3.00
08.04.2013 00:15:04.458,1.29917,1.29912,1.50,3.00
08.04.2013 00:15:06.038,1.29917,1.29912,2.25,3.00
08.04.2013 00:15:06.307,1.29917,1.29912,1.50,3.53
08.04.2013 00:15:07.525,1.29917,1.29911,3.75,2.85
08.04.2013 00:15:08.154,1.29916,1.29911,1.50,2.10
08.04.2013 00:15:08.767,1.29916,1.29911,1.50,2.10
08.04.2013 00:15:09.166,1.29917,1.29911,3.00,3.60
08.04.2013 00:15:12.146,1.29917,1.29911,2.25,3.75
08.04.2013 00:15:17.206,1.29917,1.29911,1.50,1.50
08.04.2013 00:15:17.759,1.29917,1.29911,2.25,2.25
08.04.2013 00:15:19.307,1.29917,1.29911,2.25,1.50
08.04.2013 00:15:21.148,1.29917,1.29911,3.00,1.50
08.04.2013 00:15:21.738,1.29917,1.29911,3.00,1.50
08.04.2013 00:15:23.110,1.29917,1.29911,2.25,2.25
08.04.2013 00:15:24.810,1.29917,1.29911,2.25,3.00
08.04.2013 00:15:27.458,1.29917,1.29911,2.25,2.25
08.04.2013 00:15:28.068,1.29917,1.29911,2.25,3.00
08.04.2013 00:15:29.378,1.29917,1.29912,1.50,3.00
08.04.2013 00:15:29.891,1.29917,1.29913,1.50,2.25
08.04.2013 00:15:30.748,1.29918,1.29913,2.25,1.50
08.04.2013 00:15:33.123,1.29917,1.29915,1.50,1.50
08.04.2013 00:15:33.429,1.29921,1.29917,1.88,3.23
08.04.2013 00:15:33.499,1.29923,1.29920,2.25,1.88
08.04.2013 00:15:33.678,1.29925,1.29922,1.13,1.65
08.04.2013 00:15:33.918,1.29930,1.29924,3.75,1.50
08.04.2013 00:15:34.399,1.29931,1.29926,1.28,1.50
08.04.2013 00:15:34.758,1.29932,1.29927,2.55,3.00
08.04.2013 00:15:34.819,1.29935,1.29929,3.90,2.25
08.04.2013 00:15:34.938,1.29935,1.29929,4.28,3.00
08.04.2013 00:15:35.058,1.29935,1.29929,1.88,3.00
08.04.2013 00:15:35.597,1.29935,1.29930,1.50,2.25
08.04.2013 00:15:36.408,1.29937,1.29930,3.00,2.25
08.04.2013 00:15:36.656,1.29935,1.29929,1.50,3.75
08.04.2013 00:15:37.136,1.29936,1.29931,1.50,2.25
08.04.2013 00:15:37.617,1.29934,1.29930,1.50,1.50
08.04.2013 00:15:38.646,1.29933,1.29929,1.50,1.13
08.04.2013 00:15:38.917,1.29930,1.29925,2.25,3.00
08.04.2013 00:15:40.168,1.29930,1.29925,3.00,3.00
08.04.2013 00:15:40.709,1.29930,1.29925,3.00,3.00
08.04.2013 00:15:42.291,1.29930,1.29925,1.50,3.53
08.04.2013 00:15:42.539,1.29932,1.29926,1.50,1.50
08.04.2013 00:15:42.849,1.29934,1.29928,1.50,2.25
08.04.2013 00:15:43.386,1.29935,1.29929,1.50,3.75
08.04.2013 00:15:43.447,1.29935,1.29930,1.50,1.50
08.04.2013 00:15:44.788,1.29937,1.29930,3.00,4.65
08.04.2013 00:15:44.848,1.29937,1.29933,3.00,1.50
08.04.2013 00:15:48.218,1.29940,1.29937,2.25,1.50
08.04.2013 00:15:48.278,1.29940,1.29937,2.25,1.50
08.04.2013 00:15:48.641,1.29942,1.29940,1.50,2.40
08.04.2013 00:15:48.711,1.29944,1.29939,3.53,1.50
08.04.2013 00:15:48.780,1.29944,1.29941,3.53,1.50
08.04.2013 00:15:48.839,1.29946,1.29944,2.25,1.50
08.04.2013 00:15:49.080,1.29947,1.29941,3.75,2.25
08.04.2013 00:15:49.148,1.29945,1.29941,1.50,4.50
08.04.2013 00:15:49.268,1.29944,1.29940,2.25,3.00
08.04.2013 00:15:49.329,1.29943,1.29940,2.25,1.50
08.04.2013 00:15:49.868,1.29942,1.29940,1.50,1.50
08.04.2013 00:15:50.108,1.29942,1.29938,1.50,1.50
08.04.2013 00:15:50.409,1.29942,1.29937,2.25,1.88
08.04.2013 00:15:51.428,1.29939,1.29933,5.03,1.50
08.04.2013 00:15:51.489,1.29936,1.29931,2.25,2.25
08.04.2013 00:15:51.559,1.29938,1.29932,1.88,1.50
08.04.2013 00:15:51.619,1.29938,1.29935,1.13,2.25
08.04.2013 00:15:51.688,1.29940,1.29934,2.78,1.50
08.04.2013 00:15:52.620,1.29940,1.29934,2.78,1.50
08.04.2013 00:15:53.979,1.29940,1.29935,1.50,2.25
08.04.2013 00:15:54.159,1.29941,1.29935,3.30,2.25
08.04.2013 00:15:54.407,1.29943,1.29936,2.25,3.75
08.04.2013 00:15:54.947,1.29941,1.29935,3.60,6.00
08.04.2013 00:15:55.008,1.29939,1.29935,1.50,3.38
08.04.2013 00:15:55.793,1.29939,1.29935,3.00,2.25
08.04.2013 00:15:56.157,1.29938,1.29932,2.25,3.00
08.04.2013 00:15:56.717,1.29938,1.29932,2.25,2.25
08.04.2013 00:15:57.257,1.29938,1.29932,2.25,1.50
08.04.2013 00:15:57.757,1.29938,1.29932,2.25,2.25
08.04.2013 00:15:58.297,1.29938,1.29932,2.25,2.25
08.04.2013 00:16:00.447,1.29938,1.29932,2.25,2.25
08.04.2013 00:16:00.957,1.29938,1.29934,2.25,1.50
08.04.2013 00:16:01.258,1.29936,1.29932,1.50,1.50
08.04.2013 00:16:01.559,1.29935,1.29929,2.25,1.50
08.04.2013 00:16:01.619,1.29934,1.29929,1.50,2.25
08.04.2013 00:16:04.018,1.29930,1.29927,1.50,1.05
08.04.2013 00:16:04.140,1.29929,1.29926,1.50,1.28
08.04.2013 00:16:04.260,1.29926,1.29924,1.65,1.50
08.04.2013 00:16:04.388,1.29924,1.29921,1.88,1.50
08.04.2013 00:16:04.512,1.29924,1.29918,1.88,2.25
08.04.2013 00:16:05.399,1.29924,1.29918,1.13,1.50
08.04.2013 00:16:05.608,1.29919,1.29916,1.50,2.25
08.04.2013 00:16:05.669,1.29919,1.29915,2.25,2.63
08.04.2013 00:16:05.797,1.29919,1.29914,4.13,1.50
08.04.2013 00:16:06.040,1.29917,1.29911,2.25,1.13
08.04.2013 00:16:06.349,1.29916,1.29910,1.50,2.25
08.04.2013 00:16:06.707,1.29914,1.29910,1.50,1.50
08.04.2013 00:16:07.188,1.29915,1.29910,1.50,2.25
08.04.2013 00:16:08.410,1.29915,1.29910,1.50,1.50
08.04.2013 00:16:10.858,1.29915,1.29910,1.50,2.25
08.04.2013 00:16:12.010,1.29915,1.29910,1.50,1.50
08.04.2013 00:16:12.687,1.29915,1.29910,1.50,1.50
08.04.2013 00:16:13.658,1.29917,1.29910,2.25,2.25
08.04.2013 00:16:17.396,1.29916,1.29910,1.50,2.25
08.04.2013 00:16:17.966,1.29916,1.29910,1.50,3.00
08.04.2013 00:16:18.278,1.29918,1.29912,2.03,1.50
08.04.2013 00:16:18.519,1.29918,1.29915,1.13,1.50
08.04.2013 00:16:19.197,1.29918,1.29913,1.13,1.50
08.04.2013 00:16:19.927,1.29918,1.29913,1.13,1.50
08.04.2013 00:16:22.467,1.29920,1.29913,2.78,1.50
08.04.2013 00:16:23.899,1.29920,1.29914,2.03,1.50
08.04.2013 00:16:24.458,1.29919,1.29914,2.25,1.50
08.04.2013 00:16:24.817,1.29917,1.29912,2.25,1.50
08.04.2013 00:16:25.327,1.29916,1.29910,1.50,6.90
08.04.2013 00:16:25.868,1.29917,1.29914,1.50,1.50
08.04.2013 00:16:26.406,1.29921,1.29915,2.63,1.50
08.04.2013 00:16:27.158,1.29920,1.29913,4.50,4.13
08.04.2013 00:16:27.282,1.29916,1.29910,1.50,4.88
08.04.2013 00:16:27.827,1.29916,1.29910,1.50,2.63
08.04.2013 00:16:29.486,1.29916,1.29911,1.50,1.50
08.04.2013 00:16:30.069,1.29916,1.29911,2.25,1.50
08.04.2013 00:16:30.730,1.29916,1.29911,2.25,1.50
08.04.2013 00:16:32.737,1.29915,1.29911,1.50,4.13
08.04.2013 00:16:33.477,1.29915,1.29911,1.50,4.88
08.04.2013 00:16:35.957,1.29917,1.29911,3.00,5.63
08.04.2013 00:16:37.257,1.29917,1.29911,3.00,4.88
08.04.2013 00:16:38.397,1.29917,1.29911,2.25,5.63
08.04.2013 00:16:44.548,1.29917,1.29913,2.25,1.50
08.04.2013 00:16:46.657,1.29917,1.29911,3.00,5.63
08.04.2013 00:16:49.347,1.29917,1.29911,3.00,1.50
08.04.2013 00:16:50.897,1.29917,1.29910,3.00,5.63
08.04.2013 00:16:51.138,1.29915,1.29910,2.25,2.25
08.04.2013 00:16:51.499,1.29914,1.29910,4.50,1.13
08.04.2013 00:16:51.808,1.29914,1.29908,1.50,1.13
08.04.2013 00:16:52.347,1.29914,1.29907,3.00,1.50
08.04.2013 00:16:56.522,1.29913,1.29907,2.25,1.50
08.04.2013 00:16:57.068,1.29912,1.29906,2.25,1.50
08.04.2013 00:16:57.608,1.29909,1.29902,2.25,1.50
08.04.2013 00:16:58.147,1.29908,1.29902,2.40,1.50
08.04.2013 00:16:58.699,1.29910,1.29903,2.63,2.25
08.04.2013 00:16:58.878,1.29912,1.29907,2.63,1.50
08.04.2013 00:16:58.998,1.29912,1.29909,1.50,1.50
08.04.2013 00:16:59.305,1.29915,1.29910,3.00,2.25
08.04.2013 00:16:59.487,1.29917,1.29910,1.50,5.78
08.04.2013 00:17:00.027,1.29917,1.29912,1.50,1.65
08.04.2013 00:17:00.569,1.29918,1.29913,3.38,1.50
08.04.2013 00:17:02.018,1.29917,1.29912,1.50,1.65
08.04.2013 00:17:03.957,1.29917,1.29912,1.50,1.50
08.04.2013 00:17:05.137,1.29918,1.29912,1.50,1.50
08.04.2013 00:17:05.676,1.29918,1.29912,1.50,1.50
08.04.2013 00:17:06.198,1.29918,1.29912,2.25,1.50
08.04.2013 00:17:07.118,1.29917,1.29911,1.50,1.88
08.04.2013 00:17:14.808,1.29918,1.29912,2.25,1.50
08.04.2013 00:17:21.437,1.29918,1.29912,1.50,1.50
08.04.2013 00:17:22.257,1.29918,1.29912,1.50,2.25
08.04.2013 00:17:23.005,1.29918,1.29912,1.50,2.44
08.04.2013 00:17:24.697,1.29918,1.29912,2.25,2.29
08.04.2013 00:17:25.227,1.29918,1.29912,2.25,2.29
08.04.2013 00:17:25.628,1.29917,1.29912,1.50,2.29
08.04.2013 00:17:25.747,1.29916,1.29910,1.50,2.25
08.04.2013 00:17:26.787,1.29917,1.29910,2.25,3.75
08.04.2013 00:17:27.357,1.29917,1.29910,1.50,4.65
08.04.2013 00:17:27.417,1.29917,1.29911,1.50,1.28
08.04.2013 00:17:28.077,1.29918,1.29911,2.25,2.03
08.04.2013 00:17:29.798,1.29917,1.29911,1.50,2.03
08.04.2013 00:17:30.448,1.29917,1.29911,1.50,2.03
08.04.2013 00:17:34.939,1.29917,1.29911,1.50,1.28
08.04.2013 00:17:35.427,1.29917,1.29911,1.50,2.03
08.04.2013 00:17:37.557,1.29917,1.29911,2.25,1.13
08.04.2013 00:17:38.202,1.29917,1.29911,2.25,1.88
08.04.2013 00:17:41.928,1.29916,1.29910,1.50,4.84
08.04.2013 00:17:42.108,1.29914,1.29910,4.50,2.63
08.04.2013 00:17:42.469,1.29914,1.29908,3.00,1.13
08.04.2013 00:17:43.019,1.29913,1.29908,1.50,2.25
08.04.2013 00:17:43.558,1.29912,1.29907,1.50,2.25
08.04.2013 00:17:45.129,1.29911,1.29906,1.50,2.25
08.04.2013 00:17:47.738,1.29910,1.29905,1.50,1.50
08.04.2013 00:17:48.495,1.29909,1.29904,6.38,1.50
08.04.2013 00:17:49.207,1.29909,1.29903,7.13,1.50
08.04.2013 00:17:57.077,1.29905,1.29900,7.88,1.50
08.04.2013 00:18:05.178,1.29904,1.29899,1.50,2.25
08.04.2013 00:18:05.959,1.29905,1.29900,3.00,1.50
08.04.2013 00:18:07.827,1.29905,1.29899,1.13,1.50
08.04.2013 00:18:09.848,1.29901,1.29898,7.88,2.25
08.04.2013 00:18:09.968,1.29901,1.29898,8.63,2.25
08.04.2013 00:18:10.088,1.29900,1.29896,3.75,1.28
08.04.2013 00:18:10.209,1.29897,1.29893,1.50,2.25
08.04.2013 00:18:10.328,1.29897,1.29891,1.50,2.25
08.04.2013 00:18:10.388,1.29897,1.29890,1.50,1.50
08.04.2013 00:18:10.747,1.29894,1.29889,1.50,1.50
08.04.2013 00:18:11.297,1.29894,1.29890,1.50,1.50
08.04.2013 00:18:11.838,1.29895,1.29890,1.50,2.25
08.04.2013 00:18:12.447,1.29897,1.29890,1.50,3.00
08.04.2013 00:18:13.827,1.29897,1.29890,1.50,3.00
08.04.2013 00:18:14.409,1.29897,1.29892,1.50,1.50
08.04.2013 00:18:15.057,1.29897,1.29891,1.50,1.50
08.04.2013 00:18:15.667,1.29897,1.29892,1.50,1.50
08.04.2013 00:18:17.599,1.29897,1.29893,1.50,2.25
08.04.2013 00:18:18.228,1.29899,1.29893,3.38,2.25
08.04.2013 00:18:21.168,1.29899,1.29893,2.25,2.25
08.04.2013 00:18:23.611,1.29897,1.29893,1.50,2.25
08.04.2013 00:18:24.487,1.29893,1.29890,1.50,7.50
08.04.2013 00:18:24.790,1.29894,1.29890,1.50,1.50
08.04.2013 00:18:24.859,1.29895,1.29890,1.50,1.50
08.04.2013 00:18:25.039,1.29894,1.29892,5.25,2.44
08.04.2013 00:18:25.218,1.29895,1.29893,7.88,1.50
08.04.2013 00:18:26.018,1.29896,1.29893,7.88,1.50
08.04.2013 00:18:26.565,1.29896,1.29894,5.63,3.00
08.04.2013 00:18:29.617,1.29897,1.29895,4.88,3.00
08.04.2013 00:18:29.978,1.29899,1.29895,2.63,1.50
08.04.2013 00:18:30.101,1.29900,1.29896,1.50,1.13
08.04.2013 00:18:30.170,1.29900,1.29896,1.13,1.32
08.04.2013 00:18:32.013,1.29901,1.29897,1.50,1.50
08.04.2013 00:18:32.092,1.29903,1.29896,8.03,3.19
08.04.2013 00:18:32.338,1.29903,1.29897,1.50,3.75
08.04.2013 00:18:32.457,1.29903,1.29899,2.25,1.50
08.04.2013 00:18:32.577,1.29904,1.29899,1.65,1.50
08.04.2013 00:18:34.447,1.29904,1.29900,1.13,1.50
08.04.2013 00:18:35.547,1.29905,1.29901,1.13,1.50
08.04.2013 00:18:36.468,1.29906,1.29902,1.13,1.50
08.04.2013 00:18:37.036,1.29907,1.29903,1.13,1.50
08.04.2013 00:18:37.518,1.29907,1.29903,1.13,1.50
08.04.2013 00:18:38.058,1.29907,1.29903,1.13,1.50
08.04.2013 00:18:39.288,1.29909,1.29903,4.13,1.50
08.04.2013 00:18:41.477,1.29909,1.29904,3.00,1.50
08.04.2013 00:18:41.978,1.29910,1.29905,1.50,2.25
08.04.2013 00:18:42.779,1.29911,1.29906,1.50,2.25
08.04.2013 00:18:44.018,1.29912,1.29907,1.50,2.25
08.04.2013 00:18:44.558,1.29913,1.29908,1.50,2.25
08.04.2013 00:18:45.839,1.29914,1.29909,1.50,1.50
08.04.2013 00:18:46.508,1.29915,1.29910,2.25,1.50
08.04.2013 00:18:46.569,1.29916,1.29911,2.03,1.50
08.04.2013 00:18:46.879,1.29917,1.29912,1.50,2.25
08.04.2013 00:18:47.418,1.29916,1.29912,1.50,1.50
08.04.2013 00:18:47.748,1.29917,1.29912,2.25,1.50
08.04.2013 00:18:48.169,1.29917,1.29912,2.25,1.50
08.04.2013 00:18:52.719,1.29918,1.29912,1.50,3.53
08.04.2013 00:18:52.790,1.29918,1.29913,1.50,2.25
08.04.2013 00:18:53.339,1.29920,1.29915,1.50,2.25
08.04.2013 00:18:53.458,1.29920,1.29915,1.50,2.25
08.04.2013 00:18:54.618,1.29920,1.29915,1.50,2.25
08.04.2013 00:18:55.917,1.29920,1.29915,3.75,2.25
08.04.2013 00:18:56.457,1.29920,1.29914,6.75,2.25
08.04.2013 00:18:57.958,1.29920,1.29914,5.63,1.50
08.04.2013 00:18:58.460,1.29920,1.29914,5.63,2.25
08.04.2013 00:19:00.105,1.29918,1.29912,3.90,1.50
08.04.2013 00:19:00.658,1.29917,1.29912,1.50,1.50
08.04.2013 00:19:00.979,1.29917,1.29912,1.50,1.50
08.04.2013 00:19:01.987,1.29917,1.29911,1.50,2.25
08.04.2013 00:19:02.302,1.29918,1.29914,2.25,1.13
08.04.2013 00:19:02.489,1.29918,1.29916,1.50,1.13
08.04.2013 00:19:02.919,1.29920,1.29915,7.88,2.25
08.04.2013 00:19:03.469,1.29920,1.29917,1.50,3.00
08.04.2013 00:19:03.969,1.29923,1.29919,2.25,1.50
08.04.2013 00:19:04.269,1.29920,1.29918,1.50,3.75
08.04.2013 00:19:04.508,1.29920,1.29916,2.25,1.50
08.04.2013 00:19:04.988,1.29919,1.29916,1.50,1.50
08.04.2013 00:19:05.528,1.29919,1.29915,1.50,1.50
08.04.2013 00:19:06.079,1.29920,1.29915,4.50,2.25
08.04.2013 00:19:06.390,1.29921,1.29919,1.50,3.15
08.04.2013 00:19:06.461,1.29923,1.29919,3.75,3.15
08.04.2013 00:19:06.888,1.29920,1.29915,3.75,1.50
08.04.2013 00:19:08.048,1.29920,1.29914,5.25,2.25
08.04.2013 00:19:08.429,1.29919,1.29914,1.50,1.50
08.04.2013 00:19:08.988,1.29918,1.29914,1.50,2.25
08.04.2013 00:19:09.579,1.29919,1.29915,1.50,1.50
08.04.2013 00:19:10.547,1.29920,1.29915,3.15,2.44
08.04.2013 00:19:11.690,1.29922,1.29919,1.13,1.50
08.04.2013 00:19:11.820,1.29924,1.29920,1.50,1.50
08.04.2013 00:19:11.948,1.29926,1.29921,1.50,1.35
08.04.2013 00:19:12.308,1.29928,1.29922,1.50,2.44
08.04.2013 00:19:12.488,1.29928,1.29924,1.50,1.50
08.04.2013 00:19:13.207,1.29928,1.29924,1.50,1.50
08.04.2013 00:19:14.218,1.29928,1.29925,1.50,1.50
08.04.2013 00:19:14.720,1.29929,1.29925,2.25,1.50
08.04.2013 00:19:16.337,1.29929,1.29925,2.25,1.50
08.04.2013 00:19:26.467,1.29930,1.29924,5.25,3.00
08.04.2013 00:19:29.887,1.29930,1.29925,3.00,1.50
08.04.2013 00:19:31.689,1.29930,1.29925,2.25,3.00
08.04.2013 00:19:42.732,1.29930,1.29925,3.00,3.00
08.04.2013 00:19:44.707,1.29929,1.29925,1.50,2.25
08.04.2013 00:19:45.248,1.29929,1.29925,1.50,1.50
08.04.2013 00:19:46.699,1.29929,1.29925,1.50,1.50
08.04.2013 00:19:47.219,1.29929,1.29924,1.50,2.25
08.04.2013 00:19:48.855,1.29929,1.29924,1.50,1.50
08.04.2013 00:19:49.157,1.29929,1.29924,1.50,1.50
08.04.2013 00:19:49.468,1.29929,1.29924,1.50,1.50
08.04.2013 00:19:50.007,1.29929,1.29924,1.50,2.25
08.04.2013 00:19:51.588,1.29929,1.29927,1.50,1.50
08.04.2013 00:19:51.908,1.29931,1.29928,4.35,6.15
08.04.2013 00:19:51.970,1.29932,1.29929,1.50,1.50
08.04.2013 00:19:52.098,1.29930,1.29928,1.50,3.75
08.04.2013 00:19:52.929,1.29930,1.29924,3.75,3.00
08.04.2013 00:19:55.680,1.29930,1.29925,6.00,1.50
08.04.2013 00:19:56.288,1.29930,1.29925,6.00,2.25
08.04.2013 00:19:56.409,1.29930,1.29927,1.50,2.25
08.04.2013 00:19:56.468,1.29931,1.29929,4.13,2.25
08.04.2013 00:19:56.889,1.29930,1.29925,5.25,2.63
08.04.2013 00:19:56.948,1.29930,1.29926,3.00,4.13
08.04.2013 00:19:57.307,1.29931,1.29929,2.40,2.63
08.04.2013 00:19:57.881,1.29931,1.29929,2.40,2.63
08.04.2013 00:20:05.520,1.29933,1.29930,2.25,1.50
08.04.2013 00:20:05.888,1.29934,1.29930,1.50,3.38
08.04.2013 00:20:05.948,1.29934,1.29930,1.50,5.78
08.04.2013 00:20:06.307,1.29937,1.29932,1.50,2.25
08.04.2013 00:20:06.668,1.29938,1.29933,3.00,1.50
08.04.2013 00:20:07.803,1.29938,1.29933,3.00,1.50
08.04.2013 00:20:08.807,1.29938,1.29932,3.75,2.25
08.04.2013 00:20:08.987,1.29936,1.29931,3.00,1.50
08.04.2013 00:20:09.765,1.29935,1.29930,1.50,3.00
08.04.2013 00:20:11.267,1.29936,1.29932,2.25,1.50
08.04.2013 00:20:11.588,1.29936,1.29933,1.88,1.50
08.04.2013 00:20:11.768,1.29940,1.29935,3.90,3.00
08.04.2013 00:20:11.889,1.29936,1.29934,1.50,3.38
08.04.2013 00:20:11.949,1.29935,1.29932,2.25,2.25
08.04.2013 00:20:12.248,1.29935,1.29931,4.50,2.63
08.04.2013 00:20:12.741,1.29935,1.29930,5.25,2.03
08.04.2013 00:20:12.810,1.29935,1.29931,2.25,2.25
08.04.2013 00:20:12.880,1.29935,1.29931,1.50,2.25
08.04.2013 00:20:14.048,1.29936,1.29932,1.50,1.50
08.04.2013 00:20:15.188,1.29935,1.29930,3.00,1.50
08.04.2013 00:20:16.128,1.29935,1.29929,3.00,2.25
08.04.2013 00:20:17.589,1.29935,1.29931,1.50,3.38
08.04.2013 00:20:18.128,1.29935,1.29932,1.50,1.50
08.04.2013 00:20:18.658,1.29935,1.29930,2.25,5.03
08.04.2013 00:20:18.778,1.29935,1.29930,2.25,3.00
08.04.2013 00:20:19.297,1.29935,1.29930,3.00,2.25
08.04.2013 00:20:20.080,1.29935,1.29931,3.00,1.50
08.04.2013 00:20:22.858,1.29935,1.29930,2.25,3.75
08.04.2013 00:20:24.668,1.29933,1.29930,3.15,1.50
08.04.2013 00:20:25.644,1.29935,1.29929,2.25,2.25
08.04.2013 00:20:25.961,1.29935,1.29931,1.50,1.50
08.04.2013 00:20:26.508,1.29935,1.29932,1.50,1.50
08.04.2013 00:20:27.459,1.29937,1.29933,2.25,1.50
08.04.2013 00:20:27.997,1.29938,1.29934,1.13,1.50
08.04.2013 00:20:28.379,1.29938,1.29935,1.13,1.50
08.04.2013 00:20:28.499,1.29940,1.29937,3.98,2.40
08.04.2013 00:20:28.559,1.29942,1.29939,1.35,1.50
08.04.2013 00:20:29.117,1.29943,1.29939,1.35,2.25
08.04.2013 00:20:31.747,1.29943,1.29940,1.13,1.50
08.04.2013 00:20:31.807,1.29943,1.29940,1.88,1.50
08.04.2013 00:20:32.168,1.29943,1.29940,1.50,1.50
08.04.2013 00:20:32.658,1.29943,1.29939,3.00,1.50
08.04.2013 00:20:33.320,1.29942,1.29939,1.50,1.50
08.04.2013 00:20:34.798,1.29942,1.29938,3.00,1.50
08.04.2013 00:20:38.918,1.29942,1.29937,2.25,2.25
08.04.2013 00:20:39.457,1.29941,1.29936,2.25,2.25
08.04.2013 00:20:39.997,1.29938,1.29933,1.50,2.25
08.04.2013 00:20:41.097,1.29938,1.29933,3.00,2.25
08.04.2013 00:20:42.635,1.29938,1.29933,3.00,2.25
08.04.2013 00:20:44.578,1.29938,1.29934,3.75,1.50
08.04.2013 00:20:45.697,1.29938,1.29935,2.25,1.50
08.04.2013 00:20:46.759,1.29938,1.29935,2.25,1.50
08.04.2013 00:20:52.032,1.29938,1.29934,1.50,2.25
08.04.2013 00:20:55.773,1.29938,1.29933,4.50,1.50
08.04.2013 00:20:56.037,1.29938,1.29932,4.50,1.50
08.04.2013 00:20:57.227,1.29937,1.29932,1.50,1.50
08.04.2013 00:20:57.796,1.29938,1.29932,4.50,1.50
08.04.2013 00:20:58.667,1.29937,1.29932,1.50,1.50
08.04.2013 00:21:00.432,1.29937,1.29931,2.25,5.03
08.04.2013 00:21:01.279,1.29937,1.29932,2.25,2.25
08.04.2013 00:21:01.837,1.29937,1.29933,1.50,1.50
08.04.2013 00:21:04.159,1.29939,1.29936,1.50,2.25
08.04.2013 00:21:04.518,1.29942,1.29939,1.50,4.65
08.04.2013 00:21:04.638,1.29945,1.29940,1.50,1.50
08.04.2013 00:21:05.009,1.29943,1.29940,1.50,3.00
08.04.2013 00:21:05.069,1.29943,1.29940,1.50,3.00
08.04.2013 00:21:05.134,1.29941,1.29939,3.75,2.25
08.04.2013 00:21:05.380,1.29939,1.29937,2.25,2.25
08.04.2013 00:21:05.569,1.29937,1.29934,1.50,1.50
08.04.2013 00:21:05.688,1.29938,1.29934,1.50,2.25
08.04.2013 00:21:06.231,1.29938,1.29935,1.50,1.50
08.04.2013 00:21:06.658,1.29938,1.29934,3.00,1.13
08.04.2013 00:21:07.207,1.29935,1.29931,1.50,3.53
08.04.2013 00:21:07.268,1.29935,1.29931,1.50,4.28
08.04.2013 00:21:07.987,1.29937,1.29931,3.00,4.28
08.04.2013 00:21:10.108,1.29936,1.29932,3.00,1.50
08.04.2013 00:21:10.648,1.29937,1.29933,5.25,1.50
08.04.2013 00:21:10.949,1.29933,1.29930,9.19,2.25
08.04.2013 00:21:11.188,1.29933,1.29929,4.35,1.50
08.04.2013 00:21:11.310,1.29933,1.29929,3.00,1.13
08.04.2013 00:21:12.210,1.29933,1.29929,1.50,2.25
08.04.2013 00:21:12.757,1.29933,1.29928,1.50,4.50
08.04.2013 00:21:13.317,1.29932,1.29927,2.25,1.50
08.04.2013 00:21:13.977,1.29929,1.29924,1.50,1.50
08.04.2013 00:21:14.578,1.29929,1.29924,1.50,1.50
08.04.2013 00:21:15.218,1.29929,1.29924,1.50,2.25
08.04.2013 00:21:15.519,1.29931,1.29929,4.13,1.50
08.04.2013 00:21:16.660,1.29931,1.29929,3.38,2.25
08.04.2013 00:21:19.117,1.29931,1.29929,4.88,1.50
08.04.2013 00:21:20.388,1.29931,1.29929,4.88,1.50
08.04.2013 00:21:20.751,1.29930,1.29927,6.00,2.40
08.04.2013 00:21:20.998,1.29928,1.29925,1.50,1.50
08.04.2013 00:21:21.418,1.29928,1.29923,3.00,1.50
08.04.2013 00:21:22.078,1.29928,1.29923,3.00,1.50
08.04.2013 00:21:22.379,1.29927,1.29922,2.25,1.50
08.04.2013 00:21:22.828,1.29926,1.29922,3.75,1.50
08.04.2013 00:21:23.698,1.29927,1.29924,1.50,1.88
08.04.2013 00:21:23.820,1.29930,1.29927,3.00,3.15
08.04.2013 00:21:23.998,1.29930,1.29928,3.00,3.15
08.04.2013 00:21:24.537,1.29931,1.29928,7.13,3.90
08.04.2013 00:21:25.158,1.29930,1.29928,1.50,3.90
08.04.2013 00:21:26.679,1.29929,1.29924,2.25,1.50
08.04.2013 00:21:27.617,1.29928,1.29923,1.50,3.00
08.04.2013 00:21:29.271,1.29929,1.29924,1.50,1.50
08.04.2013 00:21:31.188,1.29930,1.29924,5.25,1.50
08.04.2013 00:21:31.757,1.29930,1.29924,5.63,1.50
08.04.2013 00:21:32.299,1.29930,1.29926,4.88,3.00
08.04.2013 00:21:33.318,1.29930,1.29927,2.25,3.00
08.04.2013 00:21:33.858,1.29931,1.29929,4.88,2.25
08.04.2013 00:21:35.129,1.29930,1.29927,1.50,5.40
08.04.2013 00:21:35.369,1.29930,1.29925,4.50,1.50
08.04.2013 00:21:35.918,1.29929,1.29924,1.50,1.50
08.04.2013 00:21:36.440,1.29928,1.29923,1.50,3.75
08.04.2013 00:21:36.628,1.29928,1.29924,1.50,1.50
08.04.2013 00:21:36.929,1.29930,1.29928,1.88,3.90
08.04.2013 00:21:37.466,1.29931,1.29929,5.63,1.50
08.04.2013 00:21:41.069,1.29931,1.29929,6.38,1.50
08.04.2013 00:21:41.213,1.29933,1.29930,1.50,2.25
08.04.2013 00:21:41.768,1.29935,1.29930,1.50,2.63
08.04.2013 00:21:41.888,1.29936,1.29930,3.00,2.63
08.04.2013 00:21:42.439,1.29935,1.29930,3.38,1.50
08.04.2013 00:21:43.428,1.29935,1.29930,1.50,3.38
08.04.2013 00:21:43.608,1.29937,1.29931,2.25,2.63
08.04.2013 00:21:44.074,1.29938,1.29932,1.50,1.50
08.04.2013 00:21:44.618,1.29937,1.29931,1.50,2.63
08.04.2013 00:21:45.157,1.29937,1.29931,1.50,1.13
08.04.2013 00:21:46.727,1.29937,1.29931,2.25,1.88
08.04.2013 00:21:48.279,1.29937,1.29932,1.50,3.00
08.04.2013 00:21:48.817,1.29938,1.29934,1.50,1.50
08.04.2013 00:21:49.351,1.29938,1.29933,4.88,2.25
08.04.2013 00:21:50.519,1.29938,1.29935,4.88,1.50
08.04.2013 00:21:50.878,1.29941,1.29936,1.88,3.75
08.04.2013 00:21:52.548,1.29942,1.29940,2.63,3.15
08.04.2013 00:21:52.789,1.29945,1.29942,2.25,1.50
08.04.2013 00:21:52.968,1.29947,1.29942,1.50,2.25
08.04.2013 00:21:53.088,1.29946,1.29942,2.25,1.50
08.04.2013 00:21:53.448,1.29945,1.29941,1.50,1.13
08.04.2013 00:21:54.009,1.29945,1.29940,3.00,2.25
08.04.2013 00:21:54.429,1.29942,1.29938,3.38,2.63
08.04.2013 00:21:54.490,1.29940,1.29936,2.40,1.65
08.04.2013 00:21:54.559,1.29939,1.29935,3.00,1.88
08.04.2013 00:21:55.496,1.29937,1.29933,1.50,3.00
08.04.2013 00:21:55.567,1.29937,1.29931,3.75,3.00
08.04.2013 00:21:56.048,1.29935,1.29930,1.50,3.53
08.04.2013 00:21:56.587,1.29935,1.29929,3.75,2.25
08.04.2013 00:21:57.113,1.29934,1.29929,1.50,2.25
08.04.2013 00:21:57.659,1.29934,1.29929,1.50,1.50
08.04.2013 00:22:01.030,1.29937,1.29930,1.50,6.38
08.04.2013 00:22:01.100,1.29938,1.29935,1.13,1.88
08.04.2013 00:22:01.409,1.29939,1.29935,2.25,1.50
08.04.2013 00:22:01.708,1.29938,1.29931,2.25,3.00
08.04.2013 00:22:04.488,1.29937,1.29933,1.50,2.25
08.04.2013 00:22:05.929,1.29939,1.29934,2.25,1.50
08.04.2013 00:22:06.467,1.29939,1.29934,1.50,1.50
08.04.2013 00:22:11.198,1.29938,1.29933,1.50,3.00
08.04.2013 00:22:11.439,1.29940,1.29934,4.13,1.13
08.04.2013 00:22:11.559,1.29940,1.29938,2.25,2.40
08.04.2013 00:22:11.920,1.29943,1.29940,2.25,1.88
08.04.2013 00:22:11.981,1.29943,1.29941,1.88,2.25
08.04.2013 00:22:12.048,1.29943,1.29940,2.25,1.50
08.04.2013 00:22:12.472,1.29940,1.29936,1.65,1.50
08.04.2013 00:22:12.539,1.29940,1.29935,3.53,2.25
08.04.2013 00:22:12.598,1.29940,1.29933,5.03,3.75
08.04.2013 00:22:13.386,1.29937,1.29931,1.50,1.50
08.04.2013 00:22:14.228,1.29937,1.29931,1.50,1.50
08.04.2013 00:22:15.811,1.29937,1.29930,1.50,3.53
08.04.2013 00:22:16.689,1.29938,1.29930,3.00,3.53
08.04.2013 00:22:17.239,1.29938,1.29931,3.00,1.50
08.04.2013 00:22:17.798,1.29937,1.29931,1.50,1.50
08.04.2013 00:22:23.548,1.29937,1.29931,1.50,1.50
08.04.2013 00:22:24.177,1.29937,1.29930,1.50,3.53
08.04.2013 00:22:25.808,1.29936,1.29930,1.50,3.53
08.04.2013 00:22:27.259,1.29933,1.29930,2.25,3.53
08.04.2013 00:22:30.389,1.29933,1.29928,1.50,3.75
08.04.2013 00:22:30.989,1.29933,1.29928,1.50,3.00
08.04.2013 00:22:31.382,1.29934,1.29931,1.69,1.13
08.04.2013 00:22:31.691,1.29936,1.29933,3.38,3.00
08.04.2013 00:22:31.822,1.29938,1.29933,3.79,3.00
08.04.2013 00:22:32.128,1.29939,1.29933,2.25,4.50
08.04.2013 00:22:33.099,1.29939,1.29933,1.50,3.75
08.04.2013 00:22:33.638,1.29939,1.29934,1.50,2.25
08.04.2013 00:22:35.408,1.29939,1.29934,1.50,3.00
08.04.2013 00:22:37.257,1.29940,1.29935,2.63,1.50
08.04.2013 00:22:38.074,1.29940,1.29935,4.88,1.50
08.04.2013 00:22:38.618,1.29940,1.29935,4.88,1.50
08.04.2013 00:22:38.979,1.29937,1.29932,1.50,2.25
08.04.2013 00:22:39.579,1.29938,1.29933,3.00,1.50
08.04.2013 00:22:40.129,1.29937,1.29932,1.50,2.25
08.04.2013 00:22:44.292,1.29938,1.29933,1.50,2.25
08.04.2013 00:22:44.360,1.29938,1.29933,1.50,2.25
08.04.2013 00:22:45.197,1.29938,1.29933,1.50,1.50
08.04.2013 00:22:47.728,1.29938,1.29932,1.50,3.00
08.04.2013 00:22:53.257,1.29937,1.29932,1.69,2.25
08.04.2013 00:22:53.559,1.29939,1.29937,1.50,4.65
08.04.2013 00:22:53.799,1.29942,1.29940,1.50,1.50
08.04.2013 00:22:54.108,1.29945,1.29941,5.29,1.50
08.04.2013 00:22:54.562,1.29942,1.29940,4.13,1.50
08.04.2013 00:22:55.407,1.29942,1.29939,2.25,1.50
08.04.2013 00:22:55.918,1.29940,1.29935,9.75,1.50
08.04.2013 00:22:56.988,1.29940,1.29935,7.13,1.50
08.04.2013 00:22:59.449,1.29940,1.29934,8.25,3.75
08.04.2013 00:23:01.149,1.29940,1.29935,9.00,1.50
08.04.2013 00:23:02.687,1.29940,1.29934,9.00,3.75
08.04.2013 00:23:06.659,1.29939,1.29934,1.50,2.25
08.04.2013 00:23:08.228,1.29939,1.29935,1.50,3.90
08.04.2013 00:23:09.070,1.29942,1.29936,3.98,1.50
08.04.2013 00:23:09.577,1.29942,1.29936,3.75,2.25
08.04.2013 00:23:10.508,1.29942,1.29938,3.75,1.50
08.04.2013 00:23:12.780,1.29943,1.29940,4.13,1.50
08.04.2013 00:23:13.343,1.29943,1.29941,1.50,1.50
08.04.2013 00:23:13.411,1.29943,1.29941,1.50,2.63
08.04.2013 00:23:13.479,1.29945,1.29941,2.63,1.88
08.04.2013 00:23:13.838,1.29945,1.29941,1.50,6.00
08.04.2013 00:23:14.347,1.29945,1.29941,1.50,1.88
08.04.2013 00:23:14.650,1.29942,1.29939,1.50,1.50
08.04.2013 00:23:14.898,1.29942,1.29938,4.50,1.50
08.04.2013 00:23:15.439,1.29941,1.29937,1.50,1.50
08.04.2013 00:23:17.879,1.29938,1.29933,4.13,2.25
08.04.2013 00:23:18.299,1.29938,1.29933,3.38,1.50
08.04.2013 00:23:18.899,1.29938,1.29933,3.38,1.50
08.04.2013 00:23:19.518,1.29938,1.29933,1.88,1.50
08.04.2013 00:23:21.778,1.29937,1.29933,2.25,1.50
08.04.2013 00:23:23.418,1.29937,1.29933,2.25,1.50
08.04.2013 00:23:25.480,1.29937,1.29931,2.25,2.63
08.04.2013 00:23:26.648,1.29937,1.29931,4.50,3.38
08.04.2013 00:23:27.159,1.29937,1.29932,2.25,1.50
08.04.2013 00:23:28.558,1.29937,1.29932,1.50,1.50
08.04.2013 00:23:29.138,1.29937,1.29931,2.25,3.38
08.04.2013 00:23:30.460,1.29937,1.29932,1.50,1.50
08.04.2013 00:23:31.018,1.29938,1.29933,4.32,3.00
08.04.2013 00:23:40.959,1.29937,1.29932,1.50,5.25
08.04.2013 00:23:50.203,1.29937,1.29933,1.50,2.25
08.04.2013 00:23:52.019,1.29937,1.29933,1.50,2.25
08.04.2013 00:23:53.709,1.29938,1.29934,1.50,1.50
08.04.2013 00:23:54.631,1.29938,1.29933,2.25,2.25
08.04.2013 00:23:54.758,1.29938,1.29933,1.50,3.75
08.04.2013 00:23:58.709,1.29938,1.29933,3.00,3.00
08.04.2013 00:23:59.552,1.29938,1.29933,3.00,3.75
08.04.2013 00:24:00.458,1.29939,1.29934,4.13,1.50
08.04.2013 00:24:00.759,1.29940,1.29934,3.75,3.15
08.04.2013 00:24:00.818,1.29941,1.29935,3.00,3.15
08.04.2013 00:24:01.179,1.29942,1.29939,1.50,1.50
08.04.2013 00:24:01.238,1.29942,1.29940,1.50,2.25
08.04.2013 00:24:01.601,1.29943,1.29938,3.00,1.13
08.04.2013 00:24:01.669,1.29943,1.29937,3.00,5.25
08.04.2013 00:24:02.208,1.29942,1.29937,2.25,4.50
08.04.2013 00:24:04.657,1.29941,1.29937,1.50,1.50
08.04.2013 00:24:05.188,1.29941,1.29936,2.25,4.50
08.04.2013 00:24:06.681,1.29940,1.29935,2.25,1.88
08.04.2013 00:24:06.750,1.29938,1.29935,1.50,1.88
08.04.2013 00:24:06.879,1.29937,1.29935,1.50,1.88
08.04.2013 00:24:06.998,1.29939,1.29934,5.25,3.00
08.04.2013 00:24:07.058,1.29939,1.29936,5.25,1.50
08.04.2013 00:24:07.238,1.29937,1.29933,1.50,2.25
08.04.2013 00:24:07.757,1.29938,1.29934,1.50,1.50
08.04.2013 00:24:09.910,1.29939,1.29934,5.25,2.25
08.04.2013 00:24:10.419,1.29939,1.29934,5.25,2.63
08.04.2013 00:24:11.160,1.29939,1.29934,4.88,2.63
08.04.2013 00:24:11.688,1.29938,1.29935,1.50,1.50
08.04.2013 00:24:12.190,1.29938,1.29935,1.50,3.00
08.04.2013 00:24:13.298,1.29939,1.29935,1.50,2.25
08.04.2013 00:24:21.508,1.29939,1.29935,2.25,3.00
08.04.2013 00:24:21.998,1.29939,1.29937,1.50,2.25
08.04.2013 00:24:22.578,1.29940,1.29937,7.13,2.25
08.04.2013 00:24:23.128,1.29941,1.29938,1.88,1.73
08.04.2013 00:24:23.430,1.29944,1.29940,1.50,3.00
08.04.2013 00:24:23.498,1.29946,1.29940,1.92,2.63
08.04.2013 00:24:23.618,1.29946,1.29940,5.10,2.63
08.04.2013 00:24:23.923,1.29942,1.29938,3.38,3.23
08.04.2013 00:24:24.109,1.29940,1.29936,5.25,1.50
08.04.2013 00:24:24.171,1.29939,1.29935,1.69,4.50
08.04.2013 00:24:24.298,1.29938,1.29934,1.50,2.63
08.04.2013 00:24:25.200,1.29939,1.29934,3.19,3.38
08.04.2013 00:24:25.720,1.29939,1.29934,3.19,3.38
08.04.2013 00:24:29.369,1.29939,1.29935,1.69,2.25
08.04.2013 00:24:30.828,1.29939,1.29937,1.69,2.25
08.04.2013 00:24:31.189,1.29943,1.29939,1.88,2.63
08.04.2013 00:24:31.311,1.29943,1.29939,2.63,2.63
08.04.2013 00:24:31.800,1.29944,1.29940,2.25,1.13
08.04.2013 00:24:31.919,1.29944,1.29942,2.25,2.63
08.04.2013 00:24:33.135,1.29942,1.29939,3.60,4.13
08.04.2013 00:24:33.211,1.29940,1.29939,3.75,1.50
08.04.2013 00:24:33.379,1.29940,1.29937,3.75,3.38
08.04.2013 00:24:34.062,1.29940,1.29937,6.75,2.63
08.04.2013 00:24:35.339,1.29940,1.29937,7.13,2.63
08.04.2013 00:24:41.079,1.29944,1.29939,1.13,2.25
08.04.2013 00:24:41.389,1.29945,1.29940,2.25,3.38
08.04.2013 00:24:41.509,1.29944,1.29942,1.50,1.13
08.04.2013 00:24:41.639,1.29948,1.29945,1.50,1.13
08.04.2013 00:24:42.180,1.29950,1.29946,2.25,3.98
08.04.2013 00:24:42.309,1.29950,1.29947,1.50,1.13
08.04.2013 00:24:42.668,1.29953,1.29949,1.13,2.40
08.04.2013 00:24:43.071,1.29956,1.29952,3.00,4.50
08.04.2013 00:24:43.389,1.29956,1.29952,1.13,1.13
08.04.2013 00:24:43.459,1.29954,1.29951,1.13,1.65
08.04.2013 00:24:43.531,1.29952,1.29949,2.25,2.78
08.04.2013 00:24:43.659,1.29952,1.29951,1.50,1.88
08.04.2013 00:24:44.199,1.29953,1.29952,4.13,1.65
08.04.2013 00:24:44.747,1.29953,1.29950,4.88,4.50
08.04.2013 00:24:45.063,1.29956,1.29952,4.13,10.50
08.04.2013 00:24:45.189,1.29960,1.29955,1.50,4.73
08.04.2013 00:24:45.729,1.29957,1.29953,3.75,4.65
08.04.2013 00:24:47.842,1.29957,1.29955,2.63,1.13
08.04.2013 00:24:48.169,1.29957,1.29954,4.88,1.28
08.04.2013 00:24:48.868,1.29958,1.29953,1.50,2.78
08.04.2013 00:24:50.218,1.29959,1.29953,5.63,2.03
08.04.2013 00:24:50.642,1.29959,1.29955,5.63,1.73
08.04.2013 00:24:50.769,1.29960,1.29956,3.75,1.73
08.04.2013 00:24:50.831,1.29962,1.29957,3.75,1.05
08.04.2013 00:24:51.021,1.29963,1.29959,2.63,1.50
08.04.2013 00:24:51.149,1.29965,1.29961,1.88,1.05
08.04.2013 00:24:51.868,1.29966,1.29961,1.50,1.05
08.04.2013 00:24:55.878,1.29966,1.29962,1.50,3.15
08.04.2013 00:24:55.939,1.29967,1.29963,2.25,1.13
08.04.2013 00:24:57.288,1.29965,1.29962,1.88,1.50
08.04.2013 00:24:57.410,1.29962,1.29960,1.13,3.00
08.04.2013 00:24:57.470,1.29960,1.29958,1.50,3.00
08.04.2013 00:24:57.660,1.29960,1.29955,7.50,1.88
08.04.2013 00:24:58.018,1.29958,1.29952,1.50,2.78
08.04.2013 00:24:59.259,1.29958,1.29953,2.25,1.65
08.04.2013 00:24:59.769,1.29957,1.29951,1.50,1.05
08.04.2013 00:25:00.380,1.29955,1.29950,1.50,2.18
08.04.2013 00:25:05.828,1.29956,1.29950,1.50,2.18
08.04.2013 00:25:06.728,1.29956,1.29950,2.25,2.18
08.04.2013 00:25:08.130,1.29956,1.29950,1.50,2.18
08.04.2013 00:25:09.198,1.29956,1.29950,2.25,2.18
08.04.2013 00:25:09.749,1.29955,1.29950,1.50,1.65
08.04.2013 00:25:10.288,1.29956,1.29952,1.50,2.78
08.04.2013 00:25:11.639,1.29956,1.29952,1.50,2.78
08.04.2013 00:25:12.218,1.29956,1.29952,1.50,2.78
08.04.2013 00:25:19.638,1.29958,1.29954,4.50,1.50
08.04.2013 00:25:20.110,1.29956,1.29952,2.25,2.03
08.04.2013 00:25:20.179,1.29955,1.29951,3.01,1.50
08.04.2013 00:25:20.240,1.29952,1.29947,3.00,2.78
08.04.2013 00:25:20.361,1.29950,1.29945,1.50,9.90
08.04.2013 00:25:20.429,1.29949,1.29944,1.50,2.03
08.04.2013 00:25:20.670,1.29947,1.29941,1.50,2.40
08.04.2013 00:25:21.028,1.29946,1.29941,1.50,1.65
08.04.2013 00:25:21.329,1.29946,1.29941,1.50,1.65
08.04.2013 00:25:21.858,1.29946,1.29941,1.50,1.65
08.04.2013 00:25:22.549,1.29946,1.29940,1.50,1.43
08.04.2013 00:25:25.810,1.29941,1.29938,1.50,1.05
08.04.2013 00:25:25.881,1.29940,1.29937,3.75,1.13
08.04.2013 00:25:26.011,1.29940,1.29934,6.75,2.25
08.04.2013 00:25:26.558,1.29940,1.29933,13.13,1.65
08.04.2013 00:25:27.548,1.29940,1.29933,8.25,1.65
08.04.2013 00:25:27.609,1.29939,1.29932,1.50,2.78
08.04.2013 00:25:28.028,1.29939,1.29933,1.50,1.65
08.04.2013 00:25:31.520,1.29939,1.29933,1.50,1.65
08.04.2013 00:25:32.129,1.29939,1.29933,1.50,1.65
08.04.2013 00:25:32.548,1.29939,1.29933,1.50,1.65
08.04.2013 00:25:33.348,1.29939,1.29933,1.50,1.65
08.04.2013 00:25:33.908,1.29939,1.29933,1.50,2.40
08.04.2013 00:25:37.411,1.29939,1.29933,1.13,2.40
08.04.2013 00:25:40.688,1.29939,1.29933,1.13,2.40
08.04.2013 00:25:44.678,1.29940,1.29934,7.13,1.50
08.04.2013 00:25:46.698,1.29940,1.29935,6.38,2.25
08.04.2013 00:25:55.157,1.29940,1.29936,6.75,1.50
08.04.2013 00:25:55.897,1.29939,1.29935,1.13,2.25
08.04.2013 00:26:02.618,1.29939,1.29933,1.50,2.25
08.04.2013 00:26:04.119,1.29940,1.29933,6.38,2.25
08.04.2013 00:26:08.028,1.29940,1.29933,8.25,2.44
08.04.2013 00:26:09.419,1.29939,1.29933,1.50,2.44
08.04.2013 00:26:13.638,1.29940,1.29933,5.25,2.25
08.04.2013 00:26:14.178,1.29939,1.29933,1.50,2.25
08.04.2013 00:26:16.838,1.29939,1.29933,1.50,1.50
08.04.2013 00:26:18.388,1.29938,1.29933,1.50,1.50
08.04.2013 00:26:18.928,1.29938,1.29932,4.50,1.50
08.04.2013 00:26:19.469,1.29937,1.29931,3.00,3.00
08.04.2013 00:26:20.488,1.29937,1.29931,3.00,2.25
08.04.2013 00:26:23.958,1.29937,1.29930,3.00,6.53
08.04.2013 00:26:24.261,1.29935,1.29930,1.88,3.38
08.04.2013 00:26:24.328,1.29934,1.29930,1.50,2.63
08.04.2013 00:26:24.689,1.29934,1.29929,1.50,1.13
08.04.2013 00:26:24.808,1.29934,1.29928,1.50,10.09
08.04.2013 00:26:25.949,1.29933,1.29928,1.50,1.13
08.04.2013 00:26:27.799,1.29932,1.29927,3.00,9.34
08.04.2013 00:26:28.501,1.29931,1.29926,2.25,5.44
08.04.2013 00:26:28.583,1.29930,1.29926,1.50,5.59
08.04.2013 00:26:28.949,1.29930,1.29924,1.50,9.34
08.04.2013 00:26:29.487,1.29927,1.29920,3.00,9.34
08.04.2013 00:26:30.558,1.29927,1.29921,1.50,1.13
08.04.2013 00:26:31.172,1.29928,1.29921,3.00,1.13
08.04.2013 00:26:33.349,1.29928,1.29921,2.25,1.13
08.04.2013 00:26:34.171,1.29928,1.29921,2.25,1.13
08.04.2013 00:26:34.898,1.29928,1.29921,2.25,1.13
08.04.2013 00:26:39.849,1.29928,1.29921,2.25,1.13
08.04.2013 00:26:40.648,1.29926,1.29920,1.50,2.25
08.04.2013 00:26:43.388,1.29926,1.29921,2.25,1.13
08.04.2013 00:26:47.658,1.29928,1.29921,2.25,1.13
08.04.2013 00:26:48.709,1.29928,1.29921,2.25,1.88
08.04.2013 00:26:49.217,1.29928,1.29921,1.50,1.88
08.04.2013 00:26:49.958,1.29928,1.29921,1.50,1.13
08.04.2013 00:26:50.928,1.29927,1.29921,1.50,1.88
08.04.2013 00:26:53.940,1.29928,1.29921,3.00,1.88
08.04.2013 00:26:54.961,1.29926,1.29921,1.50,1.88
08.04.2013 00:26:57.188,1.29926,1.29921,1.50,1.88
08.04.2013 00:26:57.729,1.29926,1.29921,1.50,1.88
08.04.2013 00:27:00.600,1.29926,1.29921,1.50,1.88
08.04.2013 00:27:01.148,1.29926,1.29921,1.50,1.88
08.04.2013 00:27:01.649,1.29926,1.29921,1.50,1.88
08.04.2013 00:27:02.918,1.29925,1.29921,1.50,1.88
08.04.2013 00:27:06.129,1.29925,1.29921,2.25,1.13
08.04.2013 00:27:06.189,1.29924,1.29920,1.50,3.38
08.04.2013 00:27:06.732,1.29925,1.29920,1.50,3.53
08.04.2013 00:27:06.859,1.29925,1.29920,2.25,2.78
08.04.2013 00:27:07.159,1.29925,1.29921,1.50,1.50
08.04.2013 00:27:08.639,1.29925,1.29921,2.25,1.88
08.04.2013 00:27:09.249,1.29923,1.29920,1.50,2.63
08.04.2013 00:27:09.878,1.29923,1.29920,1.50,2.25
08.04.2013 00:27:11.759,1.29924,1.29921,1.50,1.13
08.04.2013 00:27:12.120,1.29923,1.29921,1.50,1.88
08.04.2013 00:27:15.194,1.29923,1.29920,1.50,6.15
08.04.2013 00:27:15.799,1.29925,1.29921,1.50,1.88
08.04.2013 00:27:16.293,1.29927,1.29921,2.25,1.88
08.04.2013 00:27:20.458,1.29927,1.29921,2.25,2.63
08.04.2013 00:27:21.547,1.29927,1.29921,2.25,1.88
08.04.2013 00:27:25.168,1.29927,1.29921,1.50,1.50
08.04.2013 00:27:25.769,1.29926,1.29920,1.50,1.50
08.04.2013 00:27:26.307,1.29926,1.29920,1.50,1.50
08.04.2013 00:27:27.408,1.29927,1.29920,2.25,4.65
08.04.2013 00:27:29.200,1.29927,1.29921,1.50,1.50
08.04.2013 00:27:30.488,1.29927,1.29921,1.50,2.25
08.04.2013 00:27:36.828,1.29925,1.29920,1.13,3.38
08.04.2013 00:27:37.069,1.29924,1.29919,2.25,4.13
08.04.2013 00:27:37.607,1.29925,1.29920,2.63,1.50
08.04.2013 00:27:37.937,1.29925,1.29920,2.63,2.25
08.04.2013 00:27:42.748,1.29925,1.29920,1.88,2.25
08.04.2013 00:27:48.919,1.29925,1.29920,1.13,2.63
08.04.2013 00:27:49.159,1.29928,1.29924,1.13,3.00
08.04.2013 00:27:49.519,1.29928,1.29925,1.50,1.50
08.04.2013 00:27:49.820,1.29930,1.29924,1.50,3.53
08.04.2013 00:27:50.360,1.29931,1.29925,2.25,5.78
08.04.2013 00:27:50.659,1.29931,1.29926,1.50,3.53
08.04.2013 00:27:50.778,1.29935,1.29929,1.50,2.25
08.04.2013 00:27:51.318,1.29935,1.29929,3.00,2.25
08.04.2013 00:27:52.085,1.29935,1.29929,3.00,3.00
08.04.2013 00:27:53.482,1.29935,1.29929,3.00,3.75
08.04.2013 00:27:55.488,1.29935,1.29929,3.00,3.00
08.04.2013 00:27:57.468,1.29935,1.29929,3.00,3.75
08.04.2013 00:28:02.999,1.29935,1.29929,3.00,3.00
08.04.2013 00:28:06.049,1.29935,1.29931,1.50,2.25
08.04.2013 00:28:06.841,1.29935,1.29933,1.50,1.50
08.04.2013 00:28:08.733,1.29938,1.29934,1.13,2.25
08.04.2013 00:28:08.806,1.29938,1.29934,1.13,3.00
08.04.2013 00:28:10.830,1.29940,1.29935,2.25,2.25
08.04.2013 00:28:17.209,1.29940,1.29936,1.50,2.25
08.04.2013 00:28:24.320,1.29940,1.29936,1.50,3.00
08.04.2013 00:28:26.988,1.29940,1.29936,2.25,3.75
08.04.2013 00:28:27.939,1.29940,1.29938,1.50,1.50
08.04.2013 00:28:28.299,1.29943,1.29939,1.50,1.50
08.04.2013 00:28:28.359,1.29943,1.29940,1.13,2.25
08.04.2013 00:28:28.540,1.29945,1.29940,2.25,4.50
08.04.2013 00:28:29.134,1.29945,1.29941,1.50,1.50
08.04.2013 00:28:32.869,1.29945,1.29941,1.50,1.13
08.04.2013 00:28:33.438,1.29945,1.29941,1.50,1.13
08.04.2013 00:28:34.908,1.29945,1.29941,1.50,1.13
08.04.2013 00:28:35.419,1.29947,1.29941,1.50,1.88
08.04.2013 00:28:35.539,1.29947,1.29941,2.25,1.13
08.04.2013 00:28:36.439,1.29945,1.29941,1.50,1.88
08.04.2013 00:28:41.786,1.29945,1.29941,1.50,1.88
08.04.2013 00:28:42.318,1.29945,1.29941,1.50,1.88
08.04.2013 00:28:45.160,1.29945,1.29941,1.50,1.88
08.04.2013 00:28:58.051,1.29945,1.29941,1.50,1.13
08.04.2013 00:28:59.038,1.29945,1.29941,1.50,1.13
08.04.2013 00:29:02.429,1.29945,1.29940,1.50,9.75
08.04.2013 00:29:03.724,1.29945,1.29940,1.50,9.00
08.04.2013 00:29:04.849,1.29945,1.29940,1.50,9.00
08.04.2013 00:29:05.929,1.29945,1.29940,1.50,9.00
08.04.2013 00:29:07.284,1.29946,1.29941,2.25,3.75
08.04.2013 00:29:07.831,1.29949,1.29944,2.25,3.75
08.04.2013 00:29:08.480,1.29949,1.29945,1.50,2.25
08.04.2013 00:29:08.959,1.29950,1.29946,1.50,1.50
08.04.2013 00:29:09.140,1.29950,1.29946,1.50,1.50
08.04.2013 00:29:10.641,1.29949,1.29944,1.13,4.50
08.04.2013 00:29:14.289,1.29949,1.29944,1.13,4.50
08.04.2013 00:29:14.799,1.29949,1.29944,1.13,4.50
08.04.2013 00:29:15.611,1.29949,1.29944,1.13,4.50
08.04.2013 00:29:16.370,1.29949,1.29944,1.13,4.50
08.04.2013 00:29:17.360,1.29950,1.29944,2.63,4.50
08.04.2013 00:29:20.920,1.29949,1.29944,1.50,3.75
08.04.2013 00:29:22.859,1.29948,1.29944,1.50,3.00
08.04.2013 00:29:24.299,1.29948,1.29945,1.50,1.50
08.04.2013 00:29:24.781,1.29952,1.29947,2.25,2.25
08.04.2013 00:29:24.854,1.29952,1.29947,1.50,3.00
08.04.2013 00:29:25.229,1.29950,1.29945,4.13,1.50
08.04.2013 00:29:29.190,1.29949,1.29945,1.50,3.00
08.04.2013 00:29:29.549,1.29953,1.29947,1.65,3.00
08.04.2013 00:29:30.399,1.29953,1.29948,1.50,3.00
08.04.2013 00:29:32.368,1.29953,1.29948,1.50,3.00
