Time,Ask,Bid,AskVolume,BidVolume
08.04.2013 00:00:01.395,1.53497,1.53485,2.10,1.65
08.04.2013 00:00:01.765,1.53497,1.53484,1.35,2.03
08.04.2013 00:00:02.304,1.53499,1.53485,2.48,1.65
08.04.2013 00:00:02.844,1.53499,1.53486,1.58,1.65
08.04.2013 00:00:05.904,1.53499,1.53485,1.58,1.65
08.04.2013 00:00:06.404,1.53501,1.53484,1.95,1.65
08.04.2013 00:00:06.584,1.53503,1.53493,1.50,1.65
08.04.2013 00:00:06.644,1.53505,1.53493,2.10,1.65
08.04.2013 00:00:06.705,1.53504,1.53493,1.35,2.03
08.04.2013 00:00:06.827,1.53505,1.53493,1.35,3.00
08.04.2013 00:00:08.635,1.53508,1.53496,2.85,1.50
08.04.2013 00:00:09.347,1.53508,1.53498,1.73,2.40
08.04.2013 00:00:11.925,1.53508,1.53498,1.73,2.40
08.04.2013 00:00:12.105,1.53508,1.53498,1.73,2.40
08.04.2013 00:00:12.314,1.53508,1.53498,1.50,2.40
08.04.2013 00:00:12.434,1.53507,1.53498,1.13,2.40
08.04.2013 00:00:12.855,1.53510,1.53498,1.50,2.40
08.04.2013 00:00:12.975,1.53510,1.53498,1.50,1.50
08.04.2013 00:00:13.499,1.53510,1.53498,1.50,1.50
08.04.2013 00:00:14.011,1.53510,1.53498,1.50,1.50
08.04.2013 00:00:15.504,1.53511,1.53498,1.50,1.50
08.04.2013 00:00:15.825,1.53510,1.53498,1.50,1.50
08.04.2013 00:00:16.484,1.53510,1.53495,1.50,1.65
08.04.2013 00:00:16.545,1.53508,1.53495,1.13,1.65
08.04.2013 00:00:17.084,1.53508,1.53495,1.13,1.65
08.04.2013 00:00:20.404,1.53506,1.53495,1.13,1.65
08.04.2013 00:00:20.569,1.53510,1.53495,3.00,1.65
08.04.2013 00:00:21.313,1.53510,1.53495,3.00,1.65
08.04.2013 00:00:22.414,1.53511,1.53495,1.13,1.65
08.04.2013 00:00:25.455,1.53512,1.53495,1.13,1.65
08.04.2013 00:00:26.554,1.53512,1.53495,1.13,1.65
08.04.2013 00:00:26.893,1.53514,1.53495,1.58,2.03
08.04.2013 00:00:28.975,1.53513,1.53494,1.13,1.28
08.04.2013 00:00:29.455,1.53514,1.53493,1.35,3.45
08.04.2013 00:00:29.634,1.53513,1.53493,1.13,3.45
08.04.2013 00:00:30.544,1.53514,1.53493,1.35,3.45
08.04.2013 00:00:30.844,1.53513,1.53493,1.13,3.45
08.04.2013 00:00:32.244,1.53515,1.53495,3.23,1.65
08.04.2013 00:00:32.425,1.53513,1.53495,1.13,1.65
08.04.2013 00:00:32.927,1.53510,1.53495,1.13,1.65
08.04.2013 00:00:33.344,1.53513,1.53495,1.13,1.65
08.04.2013 00:00:34.595,1.53514,1.53495,2.48,1.65
08.04.2013 00:00:35.145,1.53513,1.53495,1.13,1.65
08.04.2013 00:00:35.986,1.53514,1.53495,1.20,1.28
08.04.2013 00:00:36.187,1.53514,1.53495,1.35,2.03
08.04.2013 00:00:37.075,1.53514,1.53495,1.35,2.03
08.04.2013 00:00:39.326,1.53512,1.53494,2.25,1.28
08.04.2013 00:00:39.747,1.53509,1.53495,1.13,1.65
08.04.2013 00:00:40.116,1.53509,1.53498,1.13,1.50
08.04.2013 00:00:40.295,1.53516,1.53498,2.03,1.65
08.04.2013 00:00:41.316,1.53514,1.53498,1.95,2.40
08.04.2013 00:00:42.517,1.53514,1.53498,1.20,2.40
08.04.2013 00:00:46.976,1.53513,1.53497,1.13,1.65
08.04.2013 00:00:47.488,1.53513,1.53496,1.13,2.40
08.04.2013 00:00:48.045,1.53513,1.53495,1.13,1.88
08.04.2013 00:00:48.687,1.53512,1.53495,1.50,1.50
08.04.2013 00:00:48.745,1.53512,1.53495,1.50,1.65
08.04.2013 00:00:49.105,1.53514,1.53498,1.73,2.25
08.04.2013 00:00:49.645,1.53517,1.53498,1.58,1.88
08.04.2013 00:00:49.707,1.53512,1.53498,1.50,2.63
08.04.2013 00:00:50.827,1.53516,1.53498,1.58,2.25
08.04.2013 00:00:51.676,1.53516,1.53500,1.58,1.65
08.04.2013 00:00:51.917,1.53518,1.53500,1.58,1.65
08.04.2013 00:00:51.976,1.53517,1.53501,1.58,1.13
08.04.2013 00:00:52.487,1.53516,1.53501,1.73,1.13
08.04.2013 00:00:54.435,1.53514,1.53500,1.35,1.65
08.04.2013 00:00:55.735,1.53515,1.53500,2.10,1.65
08.04.2013 00:00:56.695,1.53515,1.53500,1.35,1.65
08.04.2013 00:00:57.425,1.53515,1.53500,2.10,1.65
08.04.2013 00:01:00.335,1.53515,1.53500,1.35,1.65
08.04.2013 00:01:00.455,1.53515,1.53500,1.35,1.65
08.04.2013 00:01:01.255,1.53515,1.53500,1.35,1.65
08.04.2013 00:01:06.008,1.53514,1.53500,1.13,1.65
08.04.2013 00:01:06.668,1.53514,1.53500,1.50,1.65
08.04.2013 00:01:15.516,1.53514,1.53500,1.13,1.65
08.04.2013 00:01:17.976,1.53514,1.53500,1.13,1.65
08.04.2013 00:01:19.115,1.53514,1.53500,1.13,1.65
08.04.2013 00:01:19.897,1.53514,1.53500,1.13,1.65
08.04.2013 00:01:27.006,1.53514,1.53500,1.13,1.65
08.04.2013 00:01:27.605,1.53513,1.53500,1.13,1.65
08.04.2013 00:01:28.438,1.53515,1.53500,2.63,1.65
08.04.2013 00:01:29.455,1.53515,1.53500,2.25,1.65
08.04.2013 00:01:30.426,1.53513,1.53496,1.50,3.75
08.04.2013 00:01:30.486,1.53511,1.53496,1.20,2.25
08.04.2013 00:01:31.046,1.53510,1.53495,1.58,1.50
08.04.2013 00:01:35.975,1.53511,1.53495,1.58,1.50
08.04.2013 00:01:40.445,1.53508,1.53495,1.20,1.50
08.04.2013 00:01:40.505,1.53508,1.53495,1.13,1.50
08.04.2013 00:01:41.236,1.53507,1.53493,1.13,2.40
08.04.2013 00:01:41.595,1.53504,1.53489,1.13,1.28
08.04.2013 00:01:41.955,1.53500,1.53487,1.13,1.13
08.04.2013 00:01:42.135,1.53500,1.53483,1.13,2.40
08.04.2013 00:01:44.051,1.53501,1.53483,1.13,2.63
08.04.2013 00:01:44.176,1.53500,1.53483,1.13,2.63
08.04.2013 00:01:44.478,1.53500,1.53483,1.13,2.63
08.04.2013 00:01:45.646,1.53500,1.53484,1.13,1.88
08.04.2013 00:01:51.416,1.53500,1.53485,1.50,1.28
08.04.2013 00:01:55.916,1.53501,1.53486,1.13,3.15
08.04.2013 00:01:56.275,1.53501,1.53490,1.13,1.65
08.04.2013 00:01:56.755,1.53501,1.53490,1.13,2.40
08.04.2013 00:01:58.275,1.53503,1.53490,1.13,2.40
08.04.2013 00:01:58.355,1.53507,1.53491,1.88,1.50
08.04.2013 00:01:58.476,1.53505,1.53491,1.50,1.50
08.04.2013 00:01:58.984,1.53506,1.53491,1.50,3.00
08.04.2013 00:01:59.166,1.53507,1.53493,1.13,2.78
08.04.2013 00:01:59.226,1.53507,1.53493,1.13,2.78
08.04.2013 00:01:59.586,1.53507,1.53494,1.13,1.50
08.04.2013 00:01:59.946,1.53503,1.53497,1.13,1.50
08.04.2013 00:02:00.485,1.53508,1.53499,2.25,1.50
08.04.2013 00:02:00.605,1.53507,1.53496,1.13,2.25
08.04.2013 00:02:03.475,1.53506,1.53494,1.88,1.65
08.04.2013 00:02:04.017,1.53506,1.53491,1.13,4.65
08.04.2013 00:02:04.575,1.53508,1.53491,1.88,4.65
08.04.2013 00:02:04.878,1.53509,1.53491,1.50,4.65
08.04.2013 00:02:05.246,1.53510,1.53496,1.50,3.00
08.04.2013 00:02:05.969,1.53510,1.53496,1.50,3.00
08.04.2013 00:02:06.456,1.53511,1.53502,3.00,1.50
08.04.2013 00:02:06.657,1.53510,1.53501,1.50,2.25
08.04.2013 00:02:06.835,1.53513,1.53498,1.13,2.03
08.04.2013 00:02:07.199,1.53515,1.53500,2.10,1.65
08.04.2013 00:02:07.445,1.53515,1.53499,2.10,2.40
08.04.2013 00:02:08.415,1.53514,1.53499,1.35,2.40
08.04.2013 00:02:10.386,1.53514,1.53498,1.35,4.28
08.04.2013 00:02:10.945,1.53514,1.53498,1.35,2.63
08.04.2013 00:02:11.896,1.53514,1.53499,1.35,2.25
08.04.2013 00:02:13.287,1.53513,1.53499,1.13,1.65
08.04.2013 00:02:15.725,1.53513,1.53498,1.13,2.78
08.04.2013 00:02:17.215,1.53513,1.53498,1.50,2.40
08.04.2013 00:02:19.087,1.53513,1.53498,1.50,2.40
08.04.2013 00:02:20.204,1.53513,1.53497,1.50,1.28
08.04.2013 00:02:21.996,1.53508,1.53493,1.13,2.40
08.04.2013 00:02:24.636,1.53507,1.53493,1.50,2.40
08.04.2013 00:02:25.186,1.53507,1.53493,1.50,2.40
08.04.2013 00:02:25.667,1.53507,1.53493,1.50,1.50
08.04.2013 00:02:25.788,1.53507,1.53493,1.50,2.40
08.04.2013 00:02:25.857,1.53507,1.53493,1.50,2.40
08.04.2013 00:02:26.337,1.53507,1.53493,1.50,2.40
08.04.2013 00:02:26.576,1.53507,1.53495,1.13,1.65
08.04.2013 00:02:26.877,1.53507,1.53493,1.88,2.40
08.04.2013 00:02:27.305,1.53507,1.53493,2.25,2.40
08.04.2013 00:02:28.377,1.53507,1.53493,2.25,2.40
08.04.2013 00:02:29.198,1.53507,1.53493,1.88,2.40
08.04.2013 00:02:29.747,1.53508,1.53493,1.13,2.40
08.04.2013 00:02:29.926,1.53507,1.53493,1.50,2.40
08.04.2013 00:02:31.025,1.53507,1.53493,1.50,2.40
08.04.2013 00:02:31.587,1.53507,1.53493,1.50,2.40
08.04.2013 00:02:31.887,1.53506,1.53493,1.50,2.40
08.04.2013 00:02:32.075,1.53506,1.53493,1.58,2.40
08.04.2013 00:02:33.735,1.53506,1.53493,1.58,2.40
08.04.2013 00:02:33.988,1.53506,1.53493,1.50,2.40
08.04.2013 00:02:34.117,1.53506,1.53493,1.58,1.50
08.04.2013 00:02:34.476,1.53506,1.53493,1.50,2.40
08.04.2013 00:02:34.826,1.53506,1.53493,1.50,2.40
08.04.2013 00:02:34.886,1.53506,1.53493,1.50,2.40
08.04.2013 00:02:35.305,1.53506,1.53493,1.50,2.40
08.04.2013 00:02:36.177,1.53506,1.53493,1.50,1.50
08.04.2013 00:02:36.356,1.53507,1.53493,1.88,2.40
08.04.2013 00:02:37.285,1.53507,1.53493,1.50,2.40
08.04.2013 00:02:39.527,1.53507,1.53493,1.50,2.40
08.04.2013 00:02:40.265,1.53503,1.53493,1.50,2.40
08.04.2013 00:02:40.876,1.53500,1.53493,1.13,2.40
08.04.2013 00:02:41.115,1.53507,1.53493,1.20,2.40
08.04.2013 00:02:41.335,1.53507,1.53493,1.20,1.65
08.04.2013 00:02:42.217,1.53506,1.53490,1.58,1.50
08.04.2013 00:02:42.676,1.53505,1.53488,1.73,1.50
08.04.2013 00:02:43.037,1.53501,1.53493,1.13,1.50
08.04.2013 00:02:43.649,1.53500,1.53491,1.13,1.58
08.04.2013 00:02:43.978,1.53501,1.53493,1.13,1.50
08.04.2013 00:02:45.967,1.53498,1.53491,1.13,1.58
08.04.2013 00:02:46.516,1.53502,1.53489,1.13,1.50
08.04.2013 00:02:46.879,1.53501,1.53488,1.50,3.98
08.04.2013 00:02:46.947,1.53502,1.53489,1.13,1.50
08.04.2013 00:02:47.306,1.53503,1.53488,1.88,1.50
08.04.2013 00:02:47.893,1.53501,1.53487,1.13,1.58
08.04.2013 00:02:48.444,1.53501,1.53487,1.13,1.58
08.04.2013 00:02:49.199,1.53501,1.53493,1.13,1.50
08.04.2013 00:02:55.576,1.53504,1.53492,1.13,1.58
08.04.2013 00:02:56.115,1.53502,1.53488,1.13,1.50
08.04.2013 00:02:56.646,1.53502,1.53488,1.28,1.50
08.04.2013 00:02:56.707,1.53502,1.53485,1.88,3.23
08.04.2013 00:02:56.767,1.53501,1.53485,1.20,1.65
08.04.2013 00:02:57.317,1.53498,1.53483,1.50,2.25
08.04.2013 00:02:57.375,1.53498,1.53483,1.50,2.25
08.04.2013 00:03:01.416,1.53498,1.53485,1.20,1.65
08.04.2013 00:03:01.656,1.53498,1.53485,1.20,1.65
08.04.2013 00:03:01.896,1.53498,1.53484,1.20,1.50
08.04.2013 00:03:02.339,1.53495,1.53484,1.05,1.50
08.04.2013 00:03:02.587,1.53494,1.53480,1.80,1.65
08.04.2013 00:03:03.126,1.53491,1.53479,1.50,2.40
08.04.2013 00:03:03.187,1.53491,1.53476,1.50,1.88
08.04.2013 00:03:03.917,1.53488,1.53476,1.50,1.50
08.04.2013 00:03:05.036,1.53485,1.53475,1.88,2.40
08.04.2013 00:03:05.166,1.53485,1.53475,1.95,1.65
08.04.2013 00:03:05.346,1.53485,1.53474,2.25,1.73
08.04.2013 00:03:05.405,1.53485,1.53473,1.88,2.40
08.04.2013 00:03:05.946,1.53485,1.53475,1.50,1.65
08.04.2013 00:03:08.559,1.53485,1.53475,1.50,1.65
08.04.2013 00:03:09.281,1.53484,1.53475,1.50,1.65
08.04.2013 00:03:09.784,1.53486,1.53475,1.13,1.65
08.04.2013 00:03:10.393,1.53486,1.53475,1.13,1.65
08.04.2013 00:03:11.971,1.53484,1.53475,1.88,1.65
08.04.2013 00:03:14.406,1.53485,1.53475,2.25,1.65
08.04.2013 00:03:19.106,1.53486,1.53475,1.50,1.65
08.04.2013 00:03:19.955,1.53486,1.53475,1.50,1.65
08.04.2013 00:03:24.485,1.53484,1.53476,1.20,1.50
08.04.2013 00:03:25.946,1.53485,1.53475,1.13,1.65
08.04.2013 00:03:26.505,1.53485,1.53473,1.13,2.40
08.04.2013 00:03:28.705,1.53484,1.53473,1.20,2.40
08.04.2013 00:03:29.243,1.53485,1.53473,1.95,2.40
08.04.2013 00:03:32.037,1.53485,1.53476,1.13,1.50
08.04.2013 00:03:32.337,1.53485,1.53475,1.13,1.28
08.04.2013 00:03:32.578,1.53485,1.53475,1.88,1.50
08.04.2013 00:03:32.711,1.53487,1.53478,1.50,2.40
08.04.2013 00:03:34.329,1.53490,1.53478,3.38,3.15
08.04.2013 00:03:35.745,1.53489,1.53478,1.13,1.50
08.04.2013 00:03:35.926,1.53487,1.53476,1.50,1.13
08.04.2013 00:03:36.287,1.53487,1.53474,1.50,2.40
08.04.2013 00:03:36.838,1.53487,1.53474,1.50,2.03
08.04.2013 00:03:36.924,1.53482,1.53472,1.50,3.15
08.04.2013 00:03:38.428,1.53482,1.53472,1.50,2.03
08.04.2013 00:03:38.855,1.53482,1.53472,1.50,2.03
08.04.2013 00:03:38.976,1.53482,1.53472,1.50,1.13
08.04.2013 00:03:39.697,1.53484,1.53472,3.08,1.13
08.04.2013 00:03:39.947,1.53481,1.53471,1.13,1.13
08.04.2013 00:03:41.491,1.53481,1.53470,1.13,1.13
08.04.2013 00:03:42.258,1.53481,1.53470,1.13,1.13
08.04.2013 00:03:42.506,1.53482,1.53470,2.63,1.88
08.04.2013 00:03:42.806,1.53481,1.53470,1.13,1.13
08.04.2013 00:03:45.487,1.53478,1.53470,1.50,1.13
08.04.2013 00:03:45.673,1.53480,1.53470,1.13,1.13
08.04.2013 00:03:46.758,1.53480,1.53470,1.13,1.13
08.04.2013 00:03:47.070,1.53480,1.53467,1.13,2.63
08.04.2013 00:03:47.195,1.53477,1.53467,1.50,1.13
08.04.2013 00:03:47.255,1.53477,1.53466,1.50,1.13
08.04.2013 00:03:47.738,1.53477,1.53461,2.10,4.50
08.04.2013 00:03:48.966,1.53477,1.53463,2.25,1.13
08.04.2013 00:03:50.327,1.53477,1.53464,2.25,1.13
08.04.2013 00:03:54.029,1.53477,1.53462,2.25,2.25
08.04.2013 00:03:55.476,1.53477,1.53462,2.25,1.88
08.04.2013 00:04:00.356,1.53477,1.53462,2.63,1.88
08.04.2013 00:04:00.887,1.53473,1.53462,1.50,2.03
08.04.2013 00:04:00.956,1.53473,1.53462,1.50,2.03
08.04.2013 00:04:01.207,1.53472,1.53461,1.50,2.40
08.04.2013 00:04:01.685,1.53472,1.53460,1.50,2.40
08.04.2013 00:04:02.165,1.53471,1.53456,1.13,1.88
08.04.2013 00:04:02.346,1.53467,1.53451,2.63,2.25
08.04.2013 00:04:02.407,1.53466,1.53451,1.13,2.25
08.04.2013 00:04:02.469,1.53467,1.53452,2.63,1.13
08.04.2013 00:04:03.706,1.53467,1.53451,2.63,1.65
08.04.2013 00:04:05.677,1.53467,1.53450,3.00,1.65
08.04.2013 00:04:07.306,1.53465,1.53451,1.50,1.13
08.04.2013 00:04:08.396,1.53465,1.53451,1.50,1.13
08.04.2013 00:04:08.455,1.53465,1.53449,1.50,1.50
08.04.2013 00:04:09.246,1.53465,1.53449,1.50,1.50
08.04.2013 00:04:13.255,1.53466,1.53449,1.13,2.25
08.04.2013 00:04:15.105,1.53464,1.53449,1.13,2.25
08.04.2013 00:04:16.186,1.53463,1.53449,1.13,1.13
08.04.2013 00:04:16.245,1.53463,1.53446,1.88,3.38
08.04.2013 00:04:17.580,1.53457,1.53446,1.50,1.28
08.04.2013 00:04:17.888,1.53453,1.53444,1.50,2.40
08.04.2013 00:04:18.436,1.53452,1.53440,1.50,2.03
08.04.2013 00:04:18.886,1.53454,1.53440,3.68,1.13
08.04.2013 00:04:18.945,1.53448,1.53439,1.20,1.50
08.04.2013 00:04:19.007,1.53448,1.53434,1.54,4.13
08.04.2013 00:04:19.126,1.53447,1.53431,3.38,1.50
08.04.2013 00:04:19.186,1.53447,1.53429,3.15,2.63
08.04.2013 00:04:19.246,1.53444,1.53429,1.28,1.13
08.04.2013 00:04:19.306,1.53444,1.53429,2.25,1.13
08.04.2013 00:04:19.666,1.53438,1.53424,1.88,1.50
08.04.2013 00:04:19.906,1.53432,1.53417,2.25,1.50
08.04.2013 00:04:20.148,1.53428,1.53417,1.50,1.88
08.04.2013 00:04:20.217,1.53428,1.53417,1.88,1.13
08.04.2013 00:04:20.457,1.53426,1.53415,1.28,2.78
08.04.2013 00:04:20.817,1.53425,1.53413,1.28,2.40
08.04.2013 00:04:21.789,1.53427,1.53415,1.28,1.28
08.04.2013 00:04:21.936,1.53428,1.53415,1.13,1.28
08.04.2013 00:04:22.616,1.53429,1.53416,1.13,1.28
08.04.2013 00:04:22.735,1.53428,1.53413,1.50,1.28
08.04.2013 00:04:23.847,1.53428,1.53413,1.88,1.28
08.04.2013 00:04:24.596,1.53428,1.53412,1.88,1.65
08.04.2013 00:04:25.406,1.53428,1.53412,1.88,1.65
08.04.2013 00:04:25.466,1.53428,1.53412,1.88,2.40
08.04.2013 00:04:25.646,1.53428,1.53413,1.13,1.28
08.04.2013 00:04:26.006,1.53428,1.53415,1.13,1.50
08.04.2013 00:04:29.156,1.53428,1.53416,1.13,1.50
08.04.2013 00:04:32.226,1.53428,1.53415,1.13,1.50
08.04.2013 00:04:32.765,1.53428,1.53415,1.13,1.50
08.04.2013 00:04:33.325,1.53428,1.53415,1.88,1.50
08.04.2013 00:04:33.686,1.53428,1.53415,1.50,1.50
08.04.2013 00:04:33.806,1.53428,1.53415,1.50,2.25
08.04.2013 00:04:34.236,1.53428,1.53415,1.50,1.50
08.04.2013 00:04:34.468,1.53428,1.53411,2.25,5.03
08.04.2013 00:04:35.215,1.53428,1.53411,2.25,4.13
08.04.2013 00:04:36.717,1.53428,1.53411,1.88,3.00
08.04.2013 00:04:40.026,1.53428,1.53411,1.13,3.00
08.04.2013 00:04:40.327,1.53429,1.53416,1.88,1.13
08.04.2013 00:04:41.532,1.53429,1.53419,1.50,1.13
08.04.2013 00:04:41.687,1.53432,1.53418,1.13,2.25
08.04.2013 00:04:41.866,1.53434,1.53418,1.28,1.50
08.04.2013 00:04:41.927,1.53434,1.53419,1.28,1.50
08.04.2013 00:04:42.050,1.53435,1.53419,1.28,3.38
08.04.2013 00:04:42.476,1.53436,1.53420,1.28,3.38
08.04.2013 00:04:42.919,1.53436,1.53422,1.05,1.13
08.04.2013 00:04:43.554,1.53438,1.53422,1.05,1.50
08.04.2013 00:04:44.219,1.53439,1.53422,1.05,1.13
08.04.2013 00:04:44.768,1.53440,1.53422,1.05,1.13
08.04.2013 00:04:45.196,1.53441,1.53422,2.55,1.13
08.04.2013 00:04:48.165,1.53442,1.53423,2.93,1.13
08.04.2013 00:04:49.076,1.53443,1.53424,1.28,2.40
08.04.2013 00:04:52.081,1.53443,1.53425,1.13,1.50
08.04.2013 00:04:53.145,1.53444,1.53426,1.13,1.50
08.04.2013 00:04:53.445,1.53444,1.53428,1.50,1.13
08.04.2013 00:04:53.507,1.53444,1.53429,1.05,1.13
08.04.2013 00:04:54.740,1.53445,1.53429,1.20,1.13
08.04.2013 00:04:55.880,1.53446,1.53429,1.05,1.28
08.04.2013 00:04:55.947,1.53447,1.53430,1.28,1.50
08.04.2013 00:04:56.496,1.53448,1.53431,1.28,2.25
08.04.2013 00:04:56.999,1.53450,1.53431,1.05,2.63
08.04.2013 00:04:57.755,1.53451,1.53432,1.28,2.63
08.04.2013 00:04:57.951,1.53452,1.53434,1.28,2.63
08.04.2013 00:04:58.631,1.53458,1.53440,1.65,1.13
08.04.2013 00:04:59.186,1.53458,1.53440,1.28,1.88
08.04.2013 00:04:59.726,1.53459,1.53440,1.05,2.63
08.04.2013 00:05:00.265,1.53459,1.53441,1.05,1.13
08.04.2013 00:05:00.866,1.53459,1.53441,1.05,2.63
08.04.2013 00:05:01.405,1.53459,1.53443,1.05,1.13
08.04.2013 00:05:03.442,1.53459,1.53442,1.05,1.13
08.04.2013 00:05:03.925,1.53457,1.53443,1.55,1.50
08.04.2013 00:05:04.227,1.53454,1.53441,1.28,3.00
08.04.2013 00:05:04.407,1.53454,1.53442,1.13,1.65
08.04.2013 00:05:05.226,1.53461,1.53444,1.28,1.50
08.04.2013 00:05:05.289,1.53457,1.53443,1.13,2.63
08.04.2013 00:05:05.838,1.53457,1.53442,1.13,1.50
08.04.2013 00:05:05.907,1.53457,1.53442,1.13,1.50
08.04.2013 00:05:06.267,1.53457,1.53442,1.13,2.25
08.04.2013 00:05:06.327,1.53457,1.53442,1.13,2.25
08.04.2013 00:05:06.748,1.53458,1.53443,1.88,1.50
08.04.2013 00:05:06.878,1.53457,1.53444,1.13,1.50
08.04.2013 00:05:07.238,1.53463,1.53451,1.88,1.13
08.04.2013 00:05:07.366,1.53468,1.53451,1.50,1.13
08.04.2013 00:05:07.427,1.53468,1.53456,1.50,1.13
08.04.2013 00:05:10.178,1.53470,1.53457,1.50,3.15
08.04.2013 00:05:10.608,1.53470,1.53459,1.50,1.50
08.04.2013 00:05:10.796,1.53475,1.53466,1.50,1.13
08.04.2013 00:05:10.918,1.53480,1.53464,1.50,1.88
08.04.2013 00:05:11.105,1.53479,1.53461,1.13,1.88
08.04.2013 00:05:12.086,1.53478,1.53461,1.73,1.13
08.04.2013 00:05:12.605,1.53479,1.53461,1.50,1.50
08.04.2013 00:05:13.775,1.53478,1.53461,1.35,1.50
08.04.2013 00:05:14.419,1.53469,1.53461,2.25,1.50
08.04.2013 00:05:14.487,1.53469,1.53458,3.00,1.50
08.04.2013 00:05:14.546,1.53469,1.53456,3.15,2.25
08.04.2013 00:05:15.809,1.53464,1.53456,3.15,1.13
08.04.2013 00:05:16.970,1.53466,1.53454,1.28,1.88
08.04.2013 00:05:17.215,1.53469,1.53455,1.88,1.13
08.04.2013 00:05:17.455,1.53468,1.53454,1.13,1.13
08.04.2013 00:05:17.995,1.53468,1.53454,1.20,1.88
08.04.2013 00:05:18.238,1.53468,1.53454,1.20,1.88
08.04.2013 00:05:21.856,1.53466,1.53451,1.20,2.25
08.04.2013 00:05:22.396,1.53466,1.53450,1.20,1.50
08.04.2013 00:05:22.727,1.53463,1.53448,1.50,2.40
08.04.2013 00:05:22.848,1.53463,1.53450,1.50,1.50
08.04.2013 00:05:23.146,1.53464,1.53445,2.18,2.78
08.04.2013 00:05:23.388,1.53461,1.53445,1.50,1.28
08.04.2013 00:05:23.456,1.53459,1.53443,2.63,1.13
08.04.2013 00:05:23.577,1.53455,1.53443,1.50,1.13
08.04.2013 00:05:23.756,1.53455,1.53436,2.10,1.88
08.04.2013 00:05:23.998,1.53450,1.53435,1.65,1.13
08.04.2013 00:05:24.067,1.53450,1.53435,1.65,1.13
08.04.2013 00:05:24.307,1.53446,1.53431,2.33,4.13
08.04.2013 00:05:24.436,1.53447,1.53431,1.35,4.13
08.04.2013 00:05:24.677,1.53448,1.53433,1.13,3.00
08.04.2013 00:05:24.976,1.53453,1.53434,2.25,1.88
08.04.2013 00:05:25.868,1.53453,1.53434,1.13,1.13
08.04.2013 00:05:26.390,1.53453,1.53434,1.13,1.50
08.04.2013 00:05:26.920,1.53453,1.53434,1.13,2.25
08.04.2013 00:05:28.445,1.53452,1.53434,1.88,1.65
08.04.2013 00:05:28.526,1.53452,1.53435,1.13,1.50
08.04.2013 00:05:32.655,1.53453,1.53440,1.50,1.50
08.04.2013 00:05:36.116,1.53455,1.53440,1.35,1.50
08.04.2013 00:05:36.237,1.53453,1.53440,1.13,1.50
08.04.2013 00:05:37.217,1.53454,1.53439,1.73,1.50
08.04.2013 00:05:41.306,1.53453,1.53440,1.13,1.50
08.04.2013 00:05:43.989,1.53456,1.53440,1.88,1.50
08.04.2013 00:05:44.727,1.53454,1.53440,1.20,1.50
08.04.2013 00:05:48.106,1.53456,1.53440,1.20,3.00
08.04.2013 00:05:49.456,1.53456,1.53440,1.20,3.00
08.04.2013 00:05:50.276,1.53455,1.53440,1.20,2.25
08.04.2013 00:05:50.457,1.53451,1.53439,1.50,1.13
08.04.2013 00:05:51.486,1.53450,1.53439,1.88,1.13
08.04.2013 00:05:53.225,1.53449,1.53435,1.13,1.50
08.04.2013 00:05:53.646,1.53450,1.53439,1.13,1.50
08.04.2013 00:05:57.056,1.53452,1.53440,1.50,1.50
08.04.2013 00:05:58.098,1.53451,1.53434,1.50,2.63
08.04.2013 00:05:58.188,1.53447,1.53431,1.13,2.25
08.04.2013 00:05:58.737,1.53447,1.53432,1.20,2.25
08.04.2013 00:06:00.336,1.53445,1.53432,1.13,1.50
08.04.2013 00:06:00.845,1.53445,1.53431,1.13,3.75
08.04.2013 00:06:03.156,1.53446,1.53431,1.13,3.75
08.04.2013 00:06:03.222,1.53445,1.53431,1.13,3.75
08.04.2013 00:06:03.466,1.53445,1.53432,1.13,1.50
08.04.2013 00:06:03.826,1.53446,1.53435,1.13,2.25
08.04.2013 00:06:03.885,1.53445,1.53435,1.13,1.50
08.04.2013 00:06:04.399,1.53445,1.53435,1.13,1.50
08.04.2013 00:06:05.154,1.53445,1.53435,1.13,1.50
08.04.2013 00:06:06.857,1.53449,1.53436,1.13,1.13
08.04.2013 00:06:06.976,1.53451,1.53439,1.50,1.50
08.04.2013 00:06:07.036,1.53451,1.53441,1.50,1.50
08.04.2013 00:06:07.335,1.53452,1.53441,1.13,2.25
08.04.2013 00:06:07.575,1.53452,1.53441,1.13,2.25
08.04.2013 00:06:09.566,1.53453,1.53441,1.13,2.25
08.04.2013 00:06:10.046,1.53453,1.53441,1.13,2.25
08.04.2013 00:06:12.668,1.53453,1.53441,1.13,2.25
08.04.2013 00:06:13.171,1.53453,1.53439,1.13,1.13
08.04.2013 00:06:13.477,1.53449,1.53438,1.13,1.88
08.04.2013 00:06:14.095,1.53450,1.53436,1.88,1.13
08.04.2013 00:06:14.916,1.53449,1.53437,1.13,1.18
08.04.2013 00:06:15.465,1.53452,1.53438,1.50,1.13
08.04.2013 00:06:16.326,1.53452,1.53439,1.50,1.03
08.04.2013 00:06:16.566,1.53452,1.53439,1.50,1.69
08.04.2013 00:06:16.926,1.53454,1.53443,1.13,1.41
08.04.2013 00:06:17.706,1.53454,1.53443,1.13,1.41
08.04.2013 00:06:18.497,1.53454,1.53446,1.13,1.31
08.04.2013 00:06:20.158,1.53455,1.53446,1.13,1.31
08.04.2013 00:06:20.707,1.53455,1.53446,1.13,1.31
08.04.2013 00:06:20.766,1.53455,1.53446,1.13,1.31
08.04.2013 00:06:21.297,1.53455,1.53447,1.13,1.41
08.04.2013 00:06:22.003,1.53455,1.53447,1.13,1.41
08.04.2013 00:06:22.317,1.53455,1.53445,1.13,1.41
08.04.2013 00:06:22.566,1.53455,1.53441,1.13,5.06
08.04.2013 00:06:22.626,1.53455,1.53443,1.13,1.41
08.04.2013 00:06:22.746,1.53455,1.53441,1.13,5.81
08.04.2013 00:06:22.866,1.53456,1.53443,1.13,1.50
08.04.2013 00:06:23.185,1.53459,1.53448,1.13,2.44
08.04.2013 00:06:23.323,1.53459,1.53450,1.13,1.50
08.04.2013 00:06:23.459,1.53464,1.53452,1.50,1.50
08.04.2013 00:06:23.588,1.53464,1.53452,1.50,1.50
08.04.2013 00:06:23.707,1.53464,1.53453,1.13,1.50
08.04.2013 00:06:23.856,1.53463,1.53451,1.13,1.50
08.04.2013 00:06:24.039,1.53463,1.53451,1.13,1.50
08.04.2013 00:06:24.367,1.53464,1.53455,1.13,1.50
08.04.2013 00:06:24.429,1.53467,1.53455,2.25,1.50
08.04.2013 00:06:24.500,1.53468,1.53456,1.13,1.13
08.04.2013 00:06:24.628,1.53471,1.53456,1.50,1.88
08.04.2013 00:06:24.699,1.53472,1.53461,1.50,1.50
08.04.2013 00:06:24.766,1.53472,1.53461,1.13,1.50
08.04.2013 00:06:24.825,1.53472,1.53461,1.13,1.50
08.04.2013 00:06:25.378,1.53472,1.53461,1.13,1.50
08.04.2013 00:06:25.698,1.53475,1.53465,1.50,1.50
08.04.2013 00:06:26.067,1.53476,1.53462,1.13,1.50
08.04.2013 00:06:26.186,1.53476,1.53461,1.13,1.50
08.04.2013 00:06:27.575,1.53476,1.53462,1.13,1.50
08.04.2013 00:06:27.987,1.53476,1.53461,1.13,1.50
08.04.2013 00:06:28.246,1.53476,1.53461,1.13,2.25
08.04.2013 00:06:29.256,1.53476,1.53461,1.13,2.25
08.04.2013 00:06:29.377,1.53478,1.53467,2.63,1.50
08.04.2013 00:06:29.617,1.53478,1.53467,2.25,1.50
08.04.2013 00:06:29.677,1.53478,1.53467,2.25,1.50
08.04.2013 00:06:30.097,1.53478,1.53468,2.25,1.13
08.04.2013 00:06:31.386,1.53478,1.53468,1.50,1.88
08.04.2013 00:06:34.126,1.53478,1.53469,2.25,1.13
08.04.2013 00:06:40.417,1.53478,1.53470,2.25,1.13
08.04.2013 00:06:41.265,1.53478,1.53470,2.25,1.13
08.04.2013 00:06:42.556,1.53478,1.53466,3.00,1.88
08.04.2013 00:06:42.616,1.53478,1.53463,3.00,3.00
08.04.2013 00:06:42.796,1.53474,1.53461,1.88,2.25
08.04.2013 00:06:43.157,1.53471,1.53459,1.13,1.50
08.04.2013 00:06:43.637,1.53470,1.53454,1.65,1.50
08.04.2013 00:06:44.774,1.53470,1.53454,1.65,1.50
08.04.2013 00:06:46.297,1.53467,1.53451,1.13,2.25
08.04.2013 00:06:46.356,1.53465,1.53450,1.58,2.25
08.04.2013 00:06:46.417,1.53464,1.53448,1.58,2.40
08.04.2013 00:06:46.476,1.53464,1.53447,1.58,1.65
08.04.2013 00:06:50.905,1.53461,1.53446,1.13,1.65
08.04.2013 00:06:53.169,1.53461,1.53446,1.13,1.28
08.04.2013 00:06:53.357,1.53462,1.53448,1.13,1.28
08.04.2013 00:06:55.126,1.53461,1.53448,1.13,2.63
08.04.2013 00:06:55.428,1.53458,1.53450,3.15,1.50
08.04.2013 00:06:55.737,1.53459,1.53448,1.13,1.50
08.04.2013 00:06:55.797,1.53460,1.53445,1.13,2.40
08.04.2013 00:06:56.571,1.53459,1.53444,1.13,1.65
08.04.2013 00:06:56.645,1.53458,1.53443,2.55,1.50
08.04.2013 00:06:57.211,1.53458,1.53442,2.55,3.15
08.04.2013 00:06:59.446,1.53457,1.53442,2.93,1.50
08.04.2013 00:06:59.686,1.53458,1.53440,1.88,2.63
08.04.2013 00:06:59.807,1.53456,1.53441,1.13,1.50
08.04.2013 00:07:00.166,1.53457,1.53438,2.70,2.03
08.04.2013 00:07:00.707,1.53455,1.53439,1.35,3.38
08.04.2013 00:07:01.245,1.53454,1.53439,1.13,1.50
08.04.2013 00:07:02.176,1.53453,1.53439,1.13,1.50
08.04.2013 00:07:02.997,1.53452,1.53439,1.13,2.25
08.04.2013 00:07:04.715,1.53452,1.53438,1.50,1.50
08.04.2013 00:07:05.225,1.53450,1.53438,1.88,1.50
08.04.2013 00:07:05.846,1.53450,1.53436,1.50,1.50
08.04.2013 00:07:06.396,1.53450,1.53435,1.50,1.50
08.04.2013 00:07:06.699,1.53449,1.53435,1.50,2.25
08.04.2013 00:07:07.249,1.53447,1.53435,2.25,1.50
08.04.2013 00:07:08.647,1.53447,1.53433,1.13,1.50
08.04.2013 00:07:09.336,1.53447,1.53432,1.13,1.50
08.04.2013 00:07:09.577,1.53447,1.53430,1.13,2.25
08.04.2013 00:07:10.557,1.53446,1.53429,1.13,2.25
08.04.2013 00:07:13.106,1.53439,1.53422,2.40,1.50
08.04.2013 00:07:14.086,1.53439,1.53423,2.40,1.50
08.04.2013 00:07:16.806,1.53436,1.53421,1.13,2.25
08.04.2013 00:07:17.353,1.53437,1.53422,1.13,1.50
08.04.2013 00:07:18.003,1.53437,1.53421,1.13,3.00
08.04.2013 00:07:18.286,1.53437,1.53421,1.13,2.25
08.04.2013 00:07:18.525,1.53437,1.53421,1.13,3.00
08.04.2013 00:07:19.076,1.53437,1.53422,1.13,1.50
08.04.2013 00:07:21.966,1.53437,1.53422,1.13,1.50
08.04.2013 00:07:22.976,1.53437,1.53422,1.13,2.25
08.04.2013 00:07:23.498,1.53439,1.53424,1.28,1.50
08.04.2013 00:07:25.948,1.53440,1.53426,1.13,2.63
08.04.2013 00:07:26.066,1.53441,1.53426,1.13,3.38
08.04.2013 00:07:26.367,1.53443,1.53436,1.13,1.88
08.04.2013 00:07:26.426,1.53448,1.53437,2.63,1.28
08.04.2013 00:07:26.486,1.53448,1.53438,1.88,1.28
08.04.2013 00:07:27.028,1.53448,1.53443,2.63,1.13
08.04.2013 00:07:27.086,1.53455,1.53446,1.50,1.88
08.04.2013 00:07:27.229,1.53456,1.53448,1.13,1.13
08.04.2013 00:07:27.297,1.53464,1.53453,2.70,1.50
08.04.2013 00:07:27.357,1.53464,1.53453,1.20,1.50
08.04.2013 00:07:27.418,1.53464,1.53458,1.13,1.50
08.04.2013 00:07:27.956,1.53464,1.53457,1.50,1.50
08.04.2013 00:07:29.216,1.53464,1.53458,1.50,1.50
08.04.2013 00:07:34.158,1.53470,1.53460,2.25,1.50
08.04.2013 00:07:34.226,1.53470,1.53460,1.50,1.50
08.04.2013 00:07:34.775,1.53468,1.53460,1.13,1.50
08.04.2013 00:07:35.306,1.53468,1.53459,1.13,1.50
08.04.2013 00:07:36.036,1.53469,1.53460,1.13,1.50
08.04.2013 00:07:36.278,1.53476,1.53466,1.28,1.50
08.04.2013 00:07:36.337,1.53476,1.53468,1.13,1.50
08.04.2013 00:07:36.396,1.53476,1.53468,1.13,1.50
08.04.2013 00:07:37.179,1.53477,1.53470,1.88,1.13
08.04.2013 00:07:37.246,1.53477,1.53470,1.88,1.50
08.04.2013 00:07:38.407,1.53480,1.53468,1.50,1.88
08.04.2013 00:07:38.896,1.53480,1.53468,1.50,2.63
08.04.2013 00:07:39.139,1.53481,1.53470,1.13,1.50
08.04.2013 00:07:39.447,1.53481,1.53473,1.13,1.50
08.04.2013 00:07:40.847,1.53484,1.53475,2.10,1.50
08.04.2013 00:07:41.208,1.53485,1.53475,1.58,1.50
08.04.2013 00:07:41.327,1.53486,1.53476,1.20,1.50
08.04.2013 00:07:41.388,1.53489,1.53475,1.13,2.25
08.04.2013 00:07:41.446,1.53490,1.53476,1.13,1.50
08.04.2013 00:07:41.868,1.53490,1.53477,1.13,1.65
08.04.2013 00:07:41.997,1.53493,1.53476,1.95,2.03
08.04.2013 00:07:42.546,1.53493,1.53477,1.88,2.03
08.04.2013 00:07:43.907,1.53493,1.53479,1.95,1.50
08.04.2013 00:07:45.716,1.53495,1.53479,1.95,1.50
08.04.2013 00:07:48.377,1.53496,1.53480,1.13,1.50
08.04.2013 00:07:48.885,1.53496,1.53481,1.13,1.50
08.04.2013 00:07:50.110,1.53497,1.53482,1.20,1.50
08.04.2013 00:07:53.546,1.53498,1.53483,1.20,1.50
08.04.2013 00:07:55.107,1.53498,1.53484,1.13,1.50
08.04.2013 00:07:56.367,1.53497,1.53486,1.13,1.50
08.04.2013 00:08:01.877,1.53500,1.53484,1.13,1.50
08.04.2013 00:08:06.167,1.53499,1.53486,1.13,1.50
08.04.2013 00:08:12.426,1.53500,1.53486,1.13,1.50
08.04.2013 00:08:13.576,1.53508,1.53491,1.50,1.88
08.04.2013 00:08:13.698,1.53504,1.53491,1.88,1.50
08.04.2013 00:08:15.888,1.53507,1.53491,1.13,1.50
08.04.2013 00:08:17.778,1.53507,1.53491,1.13,1.50
08.04.2013 00:08:18.846,1.53506,1.53491,1.13,1.50
08.04.2013 00:08:19.386,1.53506,1.53491,1.13,1.50
08.04.2013 00:08:20.147,1.53506,1.53491,1.13,2.25
08.04.2013 00:08:21.761,1.53506,1.53491,1.13,1.88
08.04.2013 00:08:22.397,1.53506,1.53496,1.13,1.50
08.04.2013 00:08:22.917,1.53507,1.53496,1.13,1.50
08.04.2013 00:08:26.360,1.53510,1.53495,2.03,1.50
08.04.2013 00:08:30.417,1.53510,1.53493,2.03,1.50
08.04.2013 00:08:31.677,1.53510,1.53492,2.03,1.50
08.04.2013 00:08:33.186,1.53510,1.53492,2.78,1.13
08.04.2013 00:08:33.638,1.53510,1.53491,2.78,1.13
08.04.2013 00:08:34.178,1.53503,1.53486,1.50,2.63
08.04.2013 00:08:34.417,1.53501,1.53486,1.05,1.88
08.04.2013 00:08:34.477,1.53494,1.53479,2.33,1.13
08.04.2013 00:08:34.836,1.53489,1.53477,2.33,1.13
08.04.2013 00:08:34.897,1.53489,1.53472,2.33,1.13
08.04.2013 00:08:35.796,1.53489,1.53471,1.13,1.13
08.04.2013 00:08:36.137,1.53489,1.53471,1.13,1.13
08.04.2013 00:08:36.257,1.53489,1.53471,1.95,1.13
08.04.2013 00:08:37.589,1.53489,1.53471,3.45,1.50
08.04.2013 00:08:38.475,1.53489,1.53471,3.45,1.50
08.04.2013 00:08:38.547,1.53489,1.53474,2.25,1.50
08.04.2013 00:08:39.170,1.53489,1.53474,1.13,1.50
08.04.2013 00:08:42.368,1.53490,1.53476,1.50,2.03
08.04.2013 00:08:42.438,1.53493,1.53479,1.13,1.50
08.04.2013 00:08:42.556,1.53495,1.53481,1.88,2.25
08.04.2013 00:08:42.617,1.53495,1.53483,1.13,1.50
08.04.2013 00:08:43.037,1.53495,1.53483,1.13,2.25
08.04.2013 00:08:43.836,1.53497,1.53482,1.20,1.50
08.04.2013 00:08:45.237,1.53497,1.53482,1.20,1.50
08.04.2013 00:08:52.156,1.53495,1.53481,1.20,2.25
08.04.2013 00:08:54.727,1.53495,1.53481,1.50,1.50
08.04.2013 00:08:55.027,1.53495,1.53477,1.50,1.50
08.04.2013 00:08:56.178,1.53494,1.53475,1.35,2.10
08.04.2013 00:08:56.487,1.53489,1.53471,1.13,3.00
08.04.2013 00:08:56.607,1.53489,1.53471,1.13,1.50
08.04.2013 00:09:08.943,1.53485,1.53470,1.50,1.13
08.04.2013 00:09:09.288,1.53484,1.53466,1.20,1.88
08.04.2013 00:09:15.963,1.53485,1.53466,1.58,1.88
08.04.2013 00:09:16.533,1.53482,1.53466,1.13,1.50
08.04.2013 00:09:18.698,1.53482,1.53466,1.13,2.25
08.04.2013 00:09:19.585,1.53481,1.53466,1.28,2.25
08.04.2013 00:09:19.896,1.53480,1.53465,1.13,1.50
08.04.2013 00:09:20.197,1.53479,1.53465,1.50,1.50
08.04.2013 00:09:21.276,1.53480,1.53462,2.25,2.63
08.04.2013 00:09:21.816,1.53478,1.53463,1.58,1.50
08.04.2013 00:09:25.728,1.53477,1.53462,1.13,1.50
08.04.2013 00:09:27.687,1.53477,1.53460,1.20,1.28
08.04.2013 00:09:29.647,1.53476,1.53459,1.88,1.50
08.04.2013 00:09:30.199,1.53475,1.53459,1.88,1.50
08.04.2013 00:09:32.288,1.53473,1.53459,1.88,1.13
08.04.2013 00:09:33.151,1.53472,1.53458,1.13,1.13
08.04.2013 00:09:33.836,1.53472,1.53456,1.50,1.50
08.04.2013 00:09:38.876,1.53471,1.53455,1.50,1.50
08.04.2013 00:09:39.977,1.53470,1.53453,1.50,1.88
08.04.2013 00:09:46.156,1.53463,1.53446,1.50,1.88
08.04.2013 00:09:47.492,1.53463,1.53446,1.50,1.50
08.04.2013 00:09:52.346,1.53463,1.53446,1.50,1.50
08.04.2013 00:09:56.256,1.53463,1.53445,1.50,1.13
08.04.2013 00:09:56.378,1.53460,1.53444,1.50,2.03
08.04.2013 00:09:56.507,1.53459,1.53441,1.88,2.25
08.04.2013 00:10:00.867,1.53455,1.53441,1.50,1.50
08.04.2013 00:10:06.327,1.53454,1.53441,1.58,1.50
08.04.2013 00:10:07.066,1.53455,1.53441,1.58,1.50
08.04.2013 00:10:07.769,1.53454,1.53441,1.58,1.50
08.04.2013 00:10:10.447,1.53454,1.53441,1.58,1.50
08.04.2013 00:10:14.165,1.53455,1.53440,1.58,1.50
08.04.2013 00:10:16.906,1.53454,1.53440,1.50,1.65
08.04.2013 00:10:18.016,1.53455,1.53440,1.50,1.65
08.04.2013 00:10:29.816,1.53456,1.53440,2.25,1.65
08.04.2013 00:10:33.036,1.53456,1.53440,2.10,1.65
08.04.2013 00:10:33.157,1.53453,1.53439,1.50,1.65
08.04.2013 00:10:33.678,1.53451,1.53436,1.50,1.50
08.04.2013 00:10:41.657,1.53448,1.53434,1.50,2.63
08.04.2013 00:10:41.777,1.53446,1.53431,1.28,1.88
08.04.2013 00:10:41.897,1.53446,1.53433,1.28,1.50
08.04.2013 00:10:45.118,1.53441,1.53428,1.50,2.40
08.04.2013 00:10:45.178,1.53441,1.53428,2.25,1.65
08.04.2013 00:10:45.238,1.53441,1.53428,1.50,1.50
08.04.2013 00:10:45.296,1.53441,1.53427,2.63,1.13
08.04.2013 00:10:45.496,1.53438,1.53422,1.88,1.13
08.04.2013 00:10:46.036,1.53438,1.53422,1.88,1.13
08.04.2013 00:10:51.446,1.53435,1.53420,1.50,1.50
08.04.2013 00:10:51.627,1.53426,1.53418,1.50,2.25
08.04.2013 00:10:51.867,1.53424,1.53411,3.60,1.50
08.04.2013 00:10:51.926,1.53422,1.53408,1.13,1.50
08.04.2013 00:10:52.226,1.53416,1.53406,1.50,1.13
08.04.2013 00:10:52.287,1.53416,1.53403,1.50,1.50
08.04.2013 00:10:52.825,1.53415,1.53403,1.50,1.50
08.04.2013 00:10:52.946,1.53418,1.53405,1.13,1.50
08.04.2013 00:10:53.187,1.53421,1.53403,1.88,1.13
08.04.2013 00:10:53.368,1.53421,1.53405,1.50,1.13
08.04.2013 00:10:53.856,1.53428,1.53411,1.20,3.00
08.04.2013 00:10:53.976,1.53428,1.53409,2.33,1.50
08.04.2013 00:10:54.636,1.53423,1.53406,1.88,1.88
08.04.2013 00:11:04.608,1.53422,1.53406,3.15,1.50
08.04.2013 00:11:04.969,1.53420,1.53402,1.50,1.88
08.04.2013 00:11:06.666,1.53420,1.53403,1.50,1.50
08.04.2013 00:11:07.907,1.53420,1.53403,1.50,2.25
08.04.2013 00:11:08.413,1.53420,1.53403,1.50,2.25
08.04.2013 00:11:11.269,1.53420,1.53403,1.50,1.88
08.04.2013 00:11:13.119,1.53420,1.53403,1.50,1.13
08.04.2013 00:11:13.624,1.53421,1.53403,1.50,1.88
08.04.2013 00:11:13.808,1.53423,1.53410,1.13,1.50
08.04.2013 00:11:14.167,1.53430,1.53416,1.13,1.13
08.04.2013 00:11:14.468,1.53433,1.53418,1.13,2.40
08.04.2013 00:11:14.526,1.53435,1.53419,2.25,2.03
08.04.2013 00:11:17.737,1.53435,1.53421,1.13,2.25
08.04.2013 00:11:17.977,1.53435,1.53420,1.13,1.65
08.04.2013 00:11:18.458,1.53435,1.53421,1.13,1.50
08.04.2013 00:11:18.996,1.53435,1.53421,1.13,1.50
08.04.2013 00:11:19.896,1.53435,1.53421,1.13,1.50
08.04.2013 00:11:24.546,1.53435,1.53421,1.13,2.25
08.04.2013 00:11:36.598,1.53436,1.53425,1.50,1.50
08.04.2013 00:11:36.957,1.53438,1.53426,3.00,2.03
08.04.2013 00:11:37.317,1.53438,1.53431,1.50,1.50
08.04.2013 00:11:43.617,1.53438,1.53430,3.00,1.65
08.04.2013 00:11:44.166,1.53438,1.53431,2.25,1.50
08.04.2013 00:11:47.967,1.53438,1.53431,3.00,1.50
08.04.2013 00:11:51.506,1.53438,1.53430,1.50,1.65
08.04.2013 00:11:51.566,1.53445,1.53430,1.13,1.65
08.04.2013 00:11:52.110,1.53445,1.53430,1.13,1.65
08.04.2013 00:11:53.116,1.53444,1.53430,1.13,1.65
08.04.2013 00:11:59.786,1.53444,1.53429,1.13,2.03
08.04.2013 00:12:00.148,1.53444,1.53431,1.13,1.50
08.04.2013 00:12:00.268,1.53447,1.53431,1.88,2.25
08.04.2013 00:12:00.886,1.53444,1.53431,1.20,1.50
08.04.2013 00:12:01.006,1.53444,1.53431,1.20,1.50
08.04.2013 00:12:01.367,1.53445,1.53431,1.35,1.50
08.04.2013 00:12:01.976,1.53444,1.53430,1.35,1.50
08.04.2013 00:12:02.397,1.53445,1.53427,2.48,1.88
08.04.2013 00:12:02.768,1.53440,1.53426,1.50,1.13
08.04.2013 00:12:03.576,1.53441,1.53426,1.50,1.50
08.04.2013 00:12:03.817,1.53439,1.53424,1.58,1.88
08.04.2013 00:12:03.946,1.53435,1.53421,1.73,2.25
08.04.2013 00:12:04.009,1.53434,1.53421,1.20,1.13
08.04.2013 00:12:04.138,1.53435,1.53420,1.65,1.13
08.04.2013 00:12:04.677,1.53430,1.53419,1.13,1.20
08.04.2013 00:12:04.738,1.53430,1.53412,1.13,1.58
08.04.2013 00:12:04.857,1.53429,1.53411,1.88,1.88
08.04.2013 00:12:09.576,1.53427,1.53409,2.33,2.78
08.04.2013 00:12:09.697,1.53425,1.53408,1.73,2.03
08.04.2013 00:12:09.756,1.53422,1.53406,1.13,1.65
08.04.2013 00:12:09.816,1.53422,1.53404,1.13,2.03
08.04.2013 00:12:09.876,1.53422,1.53404,1.28,1.88
08.04.2013 00:12:10.296,1.53418,1.53403,1.13,1.50
08.04.2013 00:12:10.416,1.53418,1.53403,1.13,1.50
08.04.2013 00:12:10.956,1.53418,1.53401,1.13,5.63
08.04.2013 00:12:11.497,1.53418,1.53403,1.13,2.25
08.04.2013 00:12:12.240,1.53418,1.53403,1.13,1.50
08.04.2013 00:12:25.448,1.53416,1.53401,2.25,4.13
08.04.2013 00:12:26.438,1.53416,1.53401,2.25,4.13
08.04.2013 00:12:26.677,1.53416,1.53401,1.58,4.13
08.04.2013 00:12:27.098,1.53414,1.53401,2.63,4.13
08.04.2013 00:12:27.218,1.53414,1.53401,2.63,4.13
08.04.2013 00:12:27.457,1.53414,1.53401,1.13,3.38
08.04.2013 00:12:28.012,1.53414,1.53401,1.13,4.13
08.04.2013 00:12:28.496,1.53414,1.53401,1.13,3.38
08.04.2013 00:12:29.566,1.53415,1.53401,1.13,4.13
08.04.2013 00:12:31.687,1.53414,1.53401,1.13,3.38
08.04.2013 00:12:32.436,1.53414,1.53401,1.13,3.38
08.04.2013 00:12:32.682,1.53416,1.53401,1.35,4.13
08.04.2013 00:12:34.737,1.53416,1.53403,1.13,1.50
08.04.2013 00:12:37.897,1.53419,1.53403,1.13,1.50
08.04.2013 00:12:38.087,1.53419,1.53403,1.13,1.50
08.04.2013 00:12:38.147,1.53419,1.53405,1.13,1.50
08.04.2013 00:12:38.389,1.53421,1.53408,1.13,1.28
08.04.2013 00:12:38.698,1.53427,1.53410,1.13,1.65
08.04.2013 00:12:39.497,1.53427,1.53411,1.13,1.50
08.04.2013 00:12:42.507,1.53430,1.53412,1.88,1.88
08.04.2013 00:12:42.984,1.53430,1.53413,1.88,2.25
08.04.2013 00:12:45.966,1.53431,1.53414,2.03,1.13
08.04.2013 00:12:47.988,1.53431,1.53414,2.03,1.13
08.04.2013 00:12:48.567,1.53430,1.53414,1.50,1.88
08.04.2013 00:12:49.106,1.53430,1.53414,1.50,1.88
08.04.2013 00:12:55.117,1.53430,1.53413,1.50,1.13
08.04.2013 00:12:55.762,1.53430,1.53413,1.50,1.13
08.04.2013 00:12:57.347,1.53430,1.53412,1.50,1.88
08.04.2013 00:12:58.403,1.53430,1.53412,1.50,1.88
08.04.2013 00:13:00.668,1.53425,1.53411,1.73,1.88
08.04.2013 00:13:00.727,1.53424,1.53407,1.58,2.25
08.04.2013 00:13:01.247,1.53424,1.53406,1.95,1.13
08.04.2013 00:13:03.093,1.53424,1.53406,1.20,2.25
08.04.2013 00:13:03.336,1.53425,1.53406,1.80,3.00
08.04.2013 00:13:03.876,1.53424,1.53406,1.05,1.88
08.04.2013 00:13:04.429,1.53423,1.53406,1.50,1.13
08.04.2013 00:13:04.740,1.53420,1.53402,1.65,2.63
08.04.2013 00:13:05.287,1.53419,1.53401,2.25,2.25
08.04.2013 00:13:05.887,1.53419,1.53401,1.50,3.00
08.04.2013 00:13:06.437,1.53419,1.53401,1.88,3.00
08.04.2013 00:13:07.135,1.53419,1.53401,1.88,3.00
08.04.2013 00:13:07.757,1.53419,1.53401,1.88,3.00
08.04.2013 00:13:14.406,1.53419,1.53401,1.88,3.00
08.04.2013 00:13:14.717,1.53420,1.53401,2.03,3.00
08.04.2013 00:13:15.277,1.53420,1.53402,2.03,2.25
08.04.2013 00:13:17.887,1.53420,1.53403,1.65,1.13
08.04.2013 00:13:18.406,1.53420,1.53403,1.65,1.13
08.04.2013 00:13:20.827,1.53420,1.53402,2.03,1.50
08.04.2013 00:13:21.926,1.53420,1.53402,2.03,1.50
08.04.2013 00:13:22.747,1.53419,1.53401,2.25,4.13
08.04.2013 00:13:23.287,1.53417,1.53401,1.50,1.13
08.04.2013 00:13:23.827,1.53417,1.53401,1.50,2.63
08.04.2013 00:13:24.357,1.53417,1.53401,1.50,2.63
08.04.2013 00:13:24.656,1.53417,1.53401,1.50,2.63
08.04.2013 00:13:25.187,1.53415,1.53401,1.13,2.63
08.04.2013 00:13:25.807,1.53415,1.53401,1.13,2.63
08.04.2013 00:13:26.688,1.53415,1.53401,1.13,2.63
08.04.2013 00:13:27.527,1.53415,1.53401,1.13,2.63
08.04.2013 00:13:29.226,1.53415,1.53401,1.13,2.63
08.04.2013 00:13:29.767,1.53415,1.53401,1.13,1.13
08.04.2013 00:13:43.667,1.53413,1.53401,1.50,1.88
08.04.2013 00:13:44.270,1.53413,1.53401,1.13,1.13
08.04.2013 00:13:46.707,1.53413,1.53401,1.13,1.88
08.04.2013 00:13:47.288,1.53413,1.53401,1.13,1.13
08.04.2013 00:13:54.387,1.53414,1.53401,1.13,1.13
08.04.2013 00:13:54.927,1.53414,1.53401,1.13,1.13
08.04.2013 00:13:56.077,1.53414,1.53401,1.13,1.13
08.04.2013 00:13:56.768,1.53415,1.53401,1.88,1.88
08.04.2013 00:13:57.168,1.53415,1.53403,1.13,1.65
08.04.2013 00:13:57.469,1.53415,1.53403,1.13,1.65
08.04.2013 00:13:57.707,1.53415,1.53403,1.13,1.65
08.04.2013 00:13:59.118,1.53415,1.53403,1.13,1.65
08.04.2013 00:13:59.538,1.53415,1.53406,1.13,1.50
08.04.2013 00:13:59.598,1.53420,1.53406,1.50,1.50
08.04.2013 00:14:01.298,1.53421,1.53406,1.13,3.75
08.04.2013 00:14:03.167,1.53421,1.53406,1.13,3.00
08.04.2013 00:14:03.288,1.53421,1.53407,1.13,1.13
08.04.2013 00:14:04.100,1.53420,1.53404,1.13,1.28
08.04.2013 00:14:04.173,1.53418,1.53404,1.50,1.88
08.04.2013 00:14:04.419,1.53417,1.53403,1.50,1.13
08.04.2013 00:14:05.077,1.53417,1.53402,1.50,1.50
08.04.2013 00:14:05.983,1.53417,1.53402,1.50,1.50
08.04.2013 00:14:06.529,1.53417,1.53401,2.48,1.50
08.04.2013 00:14:06.781,1.53415,1.53399,1.35,1.28
08.04.2013 00:14:07.208,1.53410,1.53396,1.88,3.00
08.04.2013 00:14:07.328,1.53410,1.53396,1.50,1.13
08.04.2013 00:14:07.629,1.53406,1.53391,2.25,1.50
08.04.2013 00:14:07.930,1.53406,1.53391,1.50,1.50
08.04.2013 00:14:08.238,1.53407,1.53391,1.50,1.50
08.04.2013 00:14:10.358,1.53407,1.53391,2.25,1.50
08.04.2013 00:14:10.669,1.53401,1.53388,1.50,2.03
08.04.2013 00:14:11.038,1.53404,1.53391,2.70,1.50
08.04.2013 00:14:11.587,1.53405,1.53391,1.20,1.50
08.04.2013 00:14:12.428,1.53405,1.53391,1.20,1.50
08.04.2013 00:14:14.450,1.53406,1.53391,1.20,1.50
08.04.2013 00:14:14.698,1.53405,1.53391,1.20,1.50
08.04.2013 00:14:15.296,1.53405,1.53391,1.20,1.50
08.04.2013 00:14:15.958,1.53405,1.53391,1.20,1.50
08.04.2013 00:14:18.618,1.53407,1.53391,1.50,3.38
08.04.2013 00:14:18.739,1.53410,1.53396,1.13,1.50
08.04.2013 00:14:20.731,1.53412,1.53395,1.88,1.50
08.04.2013 00:14:22.039,1.53412,1.53395,1.88,1.50
08.04.2013 00:14:22.575,1.53410,1.53395,1.50,1.50
08.04.2013 00:14:24.437,1.53412,1.53395,1.88,1.50
08.04.2013 00:14:24.557,1.53412,1.53396,1.13,1.50
08.04.2013 00:14:24.857,1.53412,1.53395,1.88,1.50
08.04.2013 00:14:26.621,1.53412,1.53396,1.13,1.50
08.04.2013 00:14:26.927,1.53410,1.53393,1.13,1.65
08.04.2013 00:14:27.107,1.53410,1.53393,1.13,1.50
08.04.2013 00:14:27.167,1.53408,1.53391,2.25,1.88
08.04.2013 00:14:27.708,1.53405,1.53391,1.50,1.50
08.04.2013 00:14:27.948,1.53404,1.53389,2.63,1.13
08.04.2013 00:14:28.008,1.53404,1.53388,2.63,1.50
08.04.2013 00:14:28.549,1.53403,1.53387,1.50,1.65
08.04.2013 00:14:29.106,1.53402,1.53386,1.50,2.40
08.04.2013 00:14:29.831,1.53403,1.53386,2.25,3.75
08.04.2013 00:14:30.139,1.53404,1.53388,1.50,2.03
08.04.2013 00:14:30.386,1.53406,1.53388,2.63,2.78
08.04.2013 00:14:31.087,1.53408,1.53391,2.63,1.50
08.04.2013 00:14:33.794,1.53408,1.53391,1.88,2.25
08.04.2013 00:14:33.978,1.53408,1.53391,1.13,2.25
08.04.2013 00:14:34.298,1.53408,1.53391,1.88,3.75
08.04.2013 00:14:34.657,1.53408,1.53393,1.13,1.50
08.04.2013 00:14:34.901,1.53408,1.53393,1.88,1.50
08.04.2013 00:14:35.147,1.53408,1.53391,1.88,1.50
08.04.2013 00:14:35.896,1.53408,1.53391,2.63,1.50
08.04.2013 00:14:37.401,1.53408,1.53391,2.63,1.50
08.04.2013 00:14:37.898,1.53408,1.53389,2.63,2.40
08.04.2013 00:14:38.080,1.53406,1.53391,1.50,1.50
08.04.2013 00:14:38.627,1.53406,1.53391,1.50,1.50
08.04.2013 00:14:39.507,1.53406,1.53391,1.50,1.50
08.04.2013 00:14:40.107,1.53408,1.53391,1.88,1.50
08.04.2013 00:14:41.398,1.53407,1.53391,1.13,1.50
08.04.2013 00:14:41.768,1.53408,1.53391,1.13,1.50
08.04.2013 00:14:43.094,1.53408,1.53391,1.20,1.50
08.04.2013 00:14:43.218,1.53408,1.53391,1.13,1.50
08.04.2013 00:14:43.279,1.53408,1.53391,1.88,1.50
08.04.2013 00:14:43.517,1.53408,1.53391,1.88,1.50
08.04.2013 00:14:44.058,1.53408,1.53391,1.88,1.50
08.04.2013 00:14:47.658,1.53407,1.53391,1.13,3.00
08.04.2013 00:14:48.208,1.53407,1.53391,1.13,3.00
08.04.2013 00:14:48.757,1.53407,1.53391,1.13,3.00
08.04.2013 00:14:49.059,1.53408,1.53391,1.88,3.00
08.04.2013 00:14:50.426,1.53408,1.53391,1.88,3.00
08.04.2013 00:14:52.586,1.53406,1.53391,1.50,3.00
08.04.2013 00:14:54.026,1.53406,1.53391,1.50,1.50
08.04.2013 00:14:56.147,1.53408,1.53391,1.13,3.00
08.04.2013 00:14:56.902,1.53408,1.53391,1.13,3.00
08.04.2013 00:14:57.420,1.53409,1.53391,1.88,3.00
08.04.2013 00:15:04.957,1.53411,1.53392,2.25,1.65
08.04.2013 00:15:05.017,1.53411,1.53395,1.13,1.13
08.04.2013 00:15:05.138,1.53413,1.53397,1.50,1.50
08.04.2013 00:15:05.378,1.53417,1.53404,1.50,1.13
08.04.2013 00:15:05.498,1.53420,1.53406,1.50,3.38
08.04.2013 00:15:05.678,1.53426,1.53411,1.88,1.50
08.04.2013 00:15:07.530,1.53432,1.53415,1.88,1.50
08.04.2013 00:15:09.400,1.53430,1.53415,1.13,1.50
08.04.2013 00:15:12.559,1.53431,1.53415,1.13,1.50
08.04.2013 00:15:13.137,1.53431,1.53416,1.13,1.50
08.04.2013 00:15:23.857,1.53433,1.53416,1.50,1.50
08.04.2013 00:15:30.127,1.53433,1.53417,2.63,1.50
08.04.2013 00:15:30.187,1.53433,1.53419,1.13,1.65
08.04.2013 00:15:30.488,1.53436,1.53422,1.13,1.50
08.04.2013 00:15:30.608,1.53438,1.53422,3.00,1.65
08.04.2013 00:15:31.367,1.53438,1.53422,1.50,1.65
08.04.2013 00:15:32.417,1.53437,1.53421,1.88,1.50
08.04.2013 00:15:33.279,1.53437,1.53421,3.38,2.25
08.04.2013 00:15:33.479,1.53437,1.53421,2.63,3.00
08.04.2013 00:15:33.721,1.53437,1.53421,1.50,3.38
08.04.2013 00:15:34.758,1.53437,1.53423,1.50,1.50
08.04.2013 00:15:35.118,1.53437,1.53424,1.50,1.50
08.04.2013 00:15:35.357,1.53437,1.53421,1.50,3.00
08.04.2013 00:15:36.607,1.53437,1.53422,1.50,1.50
08.04.2013 00:15:37.821,1.53437,1.53421,1.50,2.25
08.04.2013 00:15:38.652,1.53437,1.53421,1.50,3.00
08.04.2013 00:15:38.739,1.53437,1.53422,1.50,2.25
08.04.2013 00:15:40.388,1.53437,1.53422,1.50,2.25
08.04.2013 00:15:41.906,1.53437,1.53424,1.50,1.50
08.04.2013 00:15:42.629,1.53437,1.53425,1.50,1.50
08.04.2013 00:15:42.987,1.53437,1.53423,1.50,1.50
08.04.2013 00:15:44.908,1.53437,1.53422,1.50,3.00
08.04.2013 00:15:46.717,1.53436,1.53423,1.50,1.50
08.04.2013 00:15:46.957,1.53436,1.53421,1.50,1.50
08.04.2013 00:15:48.237,1.53437,1.53421,2.25,1.50
08.04.2013 00:15:48.559,1.53437,1.53421,2.33,1.50
08.04.2013 00:15:48.867,1.53437,1.53421,2.25,1.50
08.04.2013 00:15:49.108,1.53436,1.53421,1.50,1.50
08.04.2013 00:15:49.172,1.53437,1.53421,2.25,1.50
08.04.2013 00:15:49.298,1.53436,1.53421,1.50,1.50
08.04.2013 00:15:50.408,1.53435,1.53420,1.13,1.50
08.04.2013 00:15:50.470,1.53436,1.53421,1.88,1.50
08.04.2013 00:15:51.527,1.53436,1.53420,1.13,1.50
08.04.2013 00:15:51.648,1.53436,1.53421,1.13,1.50
08.04.2013 00:15:52.677,1.53436,1.53421,1.13,1.50
08.04.2013 00:15:53.919,1.53436,1.53421,1.88,1.50
08.04.2013 00:15:54.427,1.53435,1.53421,1.13,1.50
08.04.2013 00:15:54.949,1.53436,1.53421,1.88,2.25
08.04.2013 00:15:55.467,1.53437,1.53421,2.25,1.50
08.04.2013 00:15:56.057,1.53437,1.53421,2.25,1.50
08.04.2013 00:16:03.968,1.53434,1.53421,3.00,1.50
08.04.2013 00:16:04.270,1.53426,1.53416,1.50,1.13
08.04.2013 00:16:04.339,1.53426,1.53416,1.50,1.13
08.04.2013 00:16:04.399,1.53425,1.53413,1.50,1.50
08.04.2013 00:16:04.581,1.53423,1.53412,1.50,1.13
08.04.2013 00:16:05.383,1.53423,1.53406,2.25,2.25
08.04.2013 00:16:05.598,1.53420,1.53404,1.50,1.13
08.04.2013 00:16:05.840,1.53421,1.53406,1.50,1.50
08.04.2013 00:16:05.909,1.53416,1.53404,1.50,1.88
08.04.2013 00:16:06.099,1.53416,1.53400,1.50,1.50
08.04.2013 00:16:06.767,1.53416,1.53401,2.25,1.50
08.04.2013 00:16:10.327,1.53414,1.53398,1.50,2.40
08.04.2013 00:16:17.332,1.53414,1.53400,1.50,1.50
08.04.2013 00:16:18.330,1.53414,1.53401,1.50,1.50
08.04.2013 00:16:18.862,1.53414,1.53401,1.50,1.50
08.04.2013 00:16:19.046,1.53414,1.53402,1.50,1.50
08.04.2013 00:16:27.118,1.53413,1.53401,1.13,1.50
08.04.2013 00:16:27.658,1.53412,1.53396,1.88,4.65
08.04.2013 00:16:28.691,1.53411,1.53397,1.88,1.65
08.04.2013 00:16:30.147,1.53411,1.53397,1.88,1.28
08.04.2013 00:16:32.827,1.53411,1.53397,1.50,1.28
08.04.2013 00:16:34.624,1.53412,1.53399,1.50,2.25
08.04.2013 00:16:34.928,1.53413,1.53401,1.50,1.50
08.04.2013 00:16:35.828,1.53414,1.53404,1.50,2.25
08.04.2013 00:16:36.017,1.53416,1.53406,1.50,1.50
08.04.2013 00:16:36.197,1.53418,1.53406,1.88,1.50
08.04.2013 00:16:37.268,1.53418,1.53406,1.13,3.00
08.04.2013 00:16:37.449,1.53420,1.53406,1.13,3.00
08.04.2013 00:16:38.587,1.53420,1.53406,1.50,3.00
08.04.2013 00:16:44.908,1.53418,1.53406,3.00,2.25
08.04.2013 00:16:46.428,1.53420,1.53406,1.50,2.25
08.04.2013 00:16:49.111,1.53420,1.53406,1.88,2.25
08.04.2013 00:16:50.328,1.53419,1.53406,1.50,2.25
08.04.2013 00:16:51.618,1.53416,1.53406,1.50,1.50
08.04.2013 00:16:51.919,1.53419,1.53406,1.88,2.25
08.04.2013 00:16:55.679,1.53420,1.53406,1.50,3.00
08.04.2013 00:16:56.968,1.53419,1.53407,1.50,1.50
08.04.2013 00:16:57.327,1.53419,1.53407,1.50,1.50
08.04.2013 00:16:57.848,1.53419,1.53406,1.50,2.25
08.04.2013 00:16:58.688,1.53420,1.53407,1.50,1.50
08.04.2013 00:16:58.987,1.53420,1.53406,1.50,3.00
08.04.2013 00:16:59.407,1.53420,1.53407,1.50,1.50
08.04.2013 00:16:59.468,1.53420,1.53406,1.50,3.00
08.04.2013 00:17:01.948,1.53419,1.53406,1.50,3.00
08.04.2013 00:17:03.302,1.53419,1.53406,1.50,2.25
08.04.2013 00:17:03.897,1.53419,1.53406,1.50,1.50
08.04.2013 00:17:04.017,1.53416,1.53402,1.50,2.25
08.04.2013 00:17:04.577,1.53417,1.53402,2.25,1.50
08.04.2013 00:17:05.137,1.53416,1.53402,1.50,1.50
08.04.2013 00:17:07.369,1.53415,1.53402,1.13,2.25
08.04.2013 00:17:12.197,1.53416,1.53402,1.13,2.25
08.04.2013 00:17:14.809,1.53416,1.53402,1.50,1.50
08.04.2013 00:17:18.637,1.53414,1.53401,1.13,2.25
08.04.2013 00:17:21.729,1.53415,1.53401,1.50,2.25
08.04.2013 00:17:25.618,1.53414,1.53401,1.50,2.25
08.04.2013 00:17:26.748,1.53414,1.53398,1.50,1.28
08.04.2013 00:17:27.339,1.53415,1.53398,2.25,1.28
08.04.2013 00:17:27.878,1.53415,1.53398,1.50,2.03
08.04.2013 00:17:31.199,1.53416,1.53399,2.25,1.28
08.04.2013 00:17:34.885,1.53415,1.53399,1.50,1.28
08.04.2013 00:17:34.961,1.53413,1.53397,1.50,2.25
08.04.2013 00:17:35.657,1.53413,1.53396,2.63,1.50
08.04.2013 00:17:41.798,1.53409,1.53395,1.50,1.50
08.04.2013 00:17:42.278,1.53408,1.53392,1.50,2.25
08.04.2013 00:17:42.339,1.53408,1.53391,1.50,1.88
08.04.2013 00:17:42.461,1.53407,1.53392,2.25,1.50
08.04.2013 00:17:42.647,1.53404,1.53391,2.63,1.88
08.04.2013 00:17:42.889,1.53402,1.53391,1.50,1.50
08.04.2013 00:17:43.438,1.53403,1.53391,2.25,1.50
08.04.2013 00:17:43.978,1.53402,1.53386,1.50,1.13
08.04.2013 00:17:44.530,1.53402,1.53385,1.50,2.78
08.04.2013 00:17:46.887,1.53401,1.53385,1.50,2.78
08.04.2013 00:17:47.007,1.53401,1.53385,1.50,2.78
08.04.2013 00:17:47.308,1.53398,1.53385,1.50,1.13
08.04.2013 00:17:52.758,1.53396,1.53384,1.13,1.13
08.04.2013 00:17:53.317,1.53396,1.53385,1.13,1.13
08.04.2013 00:18:07.054,1.53399,1.53385,1.50,1.88
08.04.2013 00:18:10.258,1.53395,1.53385,1.13,1.13
08.04.2013 00:18:10.699,1.53395,1.53385,1.13,1.13
08.04.2013 00:18:12.258,1.53396,1.53384,1.13,1.13
08.04.2013 00:18:17.557,1.53396,1.53385,1.13,1.13
08.04.2013 00:18:18.940,1.53396,1.53385,1.13,1.13
08.04.2013 00:18:24.460,1.53399,1.53385,1.13,1.13
08.04.2013 00:18:24.839,1.53398,1.53385,1.13,1.13
08.04.2013 00:18:25.019,1.53399,1.53386,1.13,1.50
08.04.2013 00:18:25.438,1.53398,1.53385,1.13,1.88
08.04.2013 00:18:29.988,1.53400,1.53385,1.50,1.13
08.04.2013 00:18:30.896,1.53401,1.53387,1.50,1.13
08.04.2013 00:18:32.080,1.53401,1.53389,1.13,1.50
08.04.2013 00:18:35.650,1.53401,1.53388,1.13,1.65
08.04.2013 00:18:36.248,1.53400,1.53388,1.88,1.65
08.04.2013 00:18:41.438,1.53400,1.53387,1.13,2.03
08.04.2013 00:18:44.448,1.53400,1.53387,1.88,2.03
08.04.2013 00:18:46.599,1.53400,1.53387,1.13,2.03
08.04.2013 00:18:47.138,1.53400,1.53387,1.88,2.03
08.04.2013 00:18:47.798,1.53401,1.53387,1.50,1.65
08.04.2013 00:18:48.338,1.53401,1.53387,1.50,1.65
08.04.2013 00:18:49.067,1.53401,1.53387,1.88,1.65
08.04.2013 00:18:52.619,1.53399,1.53387,1.13,1.65
08.04.2013 00:18:54.738,1.53401,1.53387,1.88,2.03
08.04.2013 00:18:55.979,1.53401,1.53387,1.13,1.65
08.04.2013 00:18:59.250,1.53402,1.53387,1.88,1.65
08.04.2013 00:19:00.105,1.53401,1.53387,1.13,1.65
08.04.2013 00:19:02.238,1.53394,1.53387,3.53,1.13
08.04.2013 00:19:02.419,1.53390,1.53383,1.88,1.50
08.04.2013 00:19:02.539,1.53393,1.53379,1.65,1.13
08.04.2013 00:19:02.718,1.53394,1.53381,1.50,1.88
08.04.2013 00:19:03.228,1.53393,1.53380,1.50,1.50
08.04.2013 00:19:03.657,1.53393,1.53383,1.50,1.13
08.04.2013 00:19:05.070,1.53391,1.53382,1.13,2.25
08.04.2013 00:19:06.168,1.53392,1.53383,1.13,1.50
08.04.2013 00:19:06.471,1.53391,1.53382,1.88,1.50
08.04.2013 00:19:06.719,1.53391,1.53382,1.13,1.50
08.04.2013 00:19:06.900,1.53391,1.53382,1.13,1.50
08.04.2013 00:19:08.112,1.53391,1.53383,1.13,1.13
08.04.2013 00:19:08.798,1.53393,1.53383,2.25,1.13
08.04.2013 00:19:10.438,1.53392,1.53383,1.88,1.13
08.04.2013 00:19:20.317,1.53391,1.53382,1.13,1.50
08.04.2013 00:19:23.457,1.53391,1.53383,1.13,1.13
08.04.2013 00:19:26.048,1.53391,1.53382,1.13,1.88
08.04.2013 00:19:26.587,1.53391,1.53383,1.13,1.13
08.04.2013 00:19:32.217,1.53391,1.53383,1.13,1.50
08.04.2013 00:19:37.418,1.53393,1.53383,1.13,1.50
08.04.2013 00:19:43.912,1.53394,1.53383,1.50,1.50
08.04.2013 00:19:47.408,1.53394,1.53383,1.50,1.50
08.04.2013 00:19:49.868,1.53395,1.53381,1.50,1.50
08.04.2013 00:19:51.819,1.53395,1.53381,1.50,1.50
08.04.2013 00:19:51.938,1.53395,1.53381,2.25,1.50
08.04.2013 00:19:56.497,1.53394,1.53381,1.50,1.50
08.04.2013 00:19:56.677,1.53394,1.53381,1.50,1.50
08.04.2013 00:19:57.209,1.53394,1.53381,1.50,1.50
08.04.2013 00:20:00.343,1.53394,1.53381,1.50,1.50
08.04.2013 00:20:05.926,1.53393,1.53381,1.50,1.50
08.04.2013 00:20:06.427,1.53393,1.53381,1.50,1.50
08.04.2013 00:20:07.547,1.53393,1.53384,1.50,1.50
08.04.2013 00:20:07.606,1.53393,1.53384,1.50,1.50
08.04.2013 00:20:11.339,1.53395,1.53386,1.50,1.50
08.04.2013 00:20:11.739,1.53394,1.53386,1.50,1.50
08.04.2013 00:20:11.978,1.53395,1.53384,1.50,2.25
08.04.2013 00:20:12.497,1.53393,1.53384,1.50,1.50
08.04.2013 00:20:15.067,1.53392,1.53384,1.13,2.25
08.04.2013 00:20:22.387,1.53395,1.53384,1.50,2.25
08.04.2013 00:20:22.449,1.53395,1.53386,1.50,1.50
08.04.2013 00:20:22.988,1.53395,1.53388,1.50,1.50
08.04.2013 00:20:24.679,1.53395,1.53387,1.50,1.50
08.04.2013 00:20:24.738,1.53395,1.53388,1.50,1.50
08.04.2013 00:20:26.018,1.53395,1.53388,1.13,1.50
08.04.2013 00:20:26.599,1.53396,1.53389,1.13,1.50
08.04.2013 00:20:26.660,1.53397,1.53389,1.13,1.50
08.04.2013 00:20:27.311,1.53397,1.53388,1.13,1.50
08.04.2013 00:20:31.721,1.53395,1.53388,1.13,1.50
08.04.2013 00:20:32.268,1.53395,1.53387,1.13,1.50
08.04.2013 00:20:33.427,1.53400,1.53389,2.25,1.13
08.04.2013 00:20:33.547,1.53403,1.53389,1.50,1.13
08.04.2013 00:20:33.667,1.53403,1.53389,1.50,1.50
08.04.2013 00:20:33.727,1.53403,1.53391,2.25,1.50
08.04.2013 00:20:34.237,1.53403,1.53391,3.00,1.50
08.04.2013 00:20:34.656,1.53403,1.53390,3.00,1.50
08.04.2013 00:20:34.717,1.53403,1.53388,4.50,1.50
08.04.2013 00:20:34.798,1.53403,1.53386,4.50,4.88
08.04.2013 00:20:34.858,1.53397,1.53386,1.13,4.88
08.04.2013 00:20:40.887,1.53396,1.53386,1.50,1.50
08.04.2013 00:20:48.897,1.53395,1.53388,1.13,1.50
08.04.2013 00:20:48.969,1.53394,1.53388,1.13,1.50
08.04.2013 00:20:49.207,1.53395,1.53388,1.13,1.50
08.04.2013 00:20:49.747,1.53394,1.53386,1.13,2.25
08.04.2013 00:20:50.128,1.53396,1.53386,1.50,2.25
08.04.2013 00:20:51.107,1.53397,1.53387,1.50,1.50
08.04.2013 00:20:52.139,1.53397,1.53387,1.50,1.50
08.04.2013 00:20:54.347,1.53396,1.53387,1.50,1.50
08.04.2013 00:20:55.128,1.53396,1.53386,1.50,1.50
08.04.2013 00:20:55.667,1.53396,1.53386,1.13,1.50
08.04.2013 00:21:00.988,1.53396,1.53386,1.13,1.50
08.04.2013 00:21:04.132,1.53398,1.53386,2.25,2.25
08.04.2013 00:21:04.698,1.53398,1.53386,2.25,3.00
08.04.2013 00:21:05.134,1.53394,1.53386,1.13,1.50
08.04.2013 00:21:05.498,1.53395,1.53386,1.13,1.50
08.04.2013 00:21:06.008,1.53395,1.53383,1.88,2.25
08.04.2013 00:21:07.998,1.53395,1.53383,2.63,2.25
08.04.2013 00:21:09.808,1.53394,1.53385,1.13,1.50
08.04.2013 00:21:10.709,1.53394,1.53383,1.13,2.25
08.04.2013 00:21:10.832,1.53393,1.53381,1.13,2.25
08.04.2013 00:21:11.140,1.53393,1.53383,1.13,1.50
08.04.2013 00:21:12.102,1.53393,1.53384,1.13,1.50
08.04.2013 00:21:14.557,1.53394,1.53384,1.50,1.50
08.04.2013 00:21:16.069,1.53394,1.53383,1.88,1.50
08.04.2013 00:21:18.578,1.53394,1.53384,1.50,1.50
08.04.2013 00:21:20.788,1.53392,1.53382,1.13,1.50
08.04.2013 00:21:21.328,1.53393,1.53384,1.13,1.50
08.04.2013 00:21:22.309,1.53393,1.53383,1.13,1.50
08.04.2013 00:21:23.888,1.53393,1.53383,1.13,1.50
08.04.2013 00:21:25.098,1.53393,1.53384,1.13,1.50
08.04.2013 00:21:29.388,1.53392,1.53385,1.13,1.50
08.04.2013 00:21:32.087,1.53392,1.53385,1.13,1.50
08.04.2013 00:21:32.609,1.53393,1.53386,1.50,1.50
08.04.2013 00:21:33.902,1.53392,1.53386,1.13,1.50
08.04.2013 00:21:33.969,1.53393,1.53385,1.50,1.50
08.04.2013 00:21:35.548,1.53395,1.53386,1.50,1.50
08.04.2013 00:21:36.468,1.53394,1.53385,1.13,1.50
08.04.2013 00:21:36.648,1.53395,1.53386,1.88,1.50
08.04.2013 00:21:36.828,1.53394,1.53385,1.13,1.50
08.04.2013 00:21:36.949,1.53394,1.53386,1.13,1.50
08.04.2013 00:21:39.697,1.53394,1.53385,1.13,1.50
08.04.2013 00:21:41.140,1.53394,1.53387,1.13,1.50
08.04.2013 00:21:41.213,1.53394,1.53386,1.13,1.50
08.04.2013 00:21:41.338,1.53396,1.53386,1.13,1.50
08.04.2013 00:21:41.878,1.53396,1.53386,1.13,2.25
08.04.2013 00:21:43.990,1.53398,1.53386,1.88,3.00
08.04.2013 00:21:47.119,1.53394,1.53386,1.13,3.00
08.04.2013 00:21:50.661,1.53394,1.53387,1.13,1.50
08.04.2013 00:21:51.120,1.53394,1.53387,1.13,1.50
08.04.2013 00:21:51.936,1.53396,1.53387,1.13,1.50
08.04.2013 00:21:52.638,1.53396,1.53387,1.13,2.25
08.04.2013 00:21:53.509,1.53396,1.53386,1.13,1.50
08.04.2013 00:21:54.047,1.53396,1.53387,1.13,1.50
08.04.2013 00:21:55.709,1.53396,1.53387,1.13,1.50
08.04.2013 00:21:55.948,1.53396,1.53382,1.13,1.50
08.04.2013 00:21:56.009,1.53392,1.53382,1.13,1.50
08.04.2013 00:21:56.129,1.53392,1.53379,1.13,1.13
08.04.2013 00:21:56.189,1.53389,1.53377,1.88,1.13
08.04.2013 00:21:56.247,1.53386,1.53375,1.28,1.88
08.04.2013 00:21:56.307,1.53383,1.53374,1.13,2.25
08.04.2013 00:21:56.488,1.53383,1.53369,1.13,2.25
08.04.2013 00:21:56.668,1.53383,1.53371,1.13,1.50
08.04.2013 00:21:56.996,1.53383,1.53371,1.13,1.50
08.04.2013 00:21:59.968,1.53381,1.53369,1.50,1.50
08.04.2013 00:22:00.447,1.53379,1.53367,1.50,1.50
08.04.2013 00:22:00.979,1.53379,1.53368,1.50,1.50
08.04.2013 00:22:01.099,1.53379,1.53368,1.50,1.50
08.04.2013 00:22:01.707,1.53379,1.53367,1.50,1.50
08.04.2013 00:22:04.328,1.53379,1.53368,1.50,1.50
08.04.2013 00:22:04.858,1.53378,1.53368,1.13,1.50
08.04.2013 00:22:05.859,1.53379,1.53368,1.13,1.50
08.04.2013 00:22:06.099,1.53379,1.53369,1.13,1.65
08.04.2013 00:22:06.219,1.53385,1.53375,1.50,1.50
08.04.2013 00:22:06.758,1.53385,1.53375,1.50,1.50
08.04.2013 00:22:07.278,1.53385,1.53375,1.50,2.25
08.04.2013 00:22:07.458,1.53385,1.53376,1.50,1.50
08.04.2013 00:22:08.268,1.53388,1.53376,3.00,1.50
08.04.2013 00:22:11.148,1.53385,1.53378,1.50,1.50
08.04.2013 00:22:11.208,1.53384,1.53377,2.25,1.50
08.04.2013 00:22:11.389,1.53377,1.53370,1.50,1.50
08.04.2013 00:22:11.449,1.53377,1.53365,1.50,1.50
08.04.2013 00:22:11.509,1.53377,1.53369,1.50,1.50
08.04.2013 00:22:11.807,1.53378,1.53370,1.13,1.50
08.04.2013 00:22:11.929,1.53379,1.53368,1.13,1.50
08.04.2013 00:22:12.470,1.53379,1.53372,1.13,1.50
08.04.2013 00:22:13.385,1.53379,1.53371,1.13,1.50
08.04.2013 00:22:13.985,1.53380,1.53371,1.13,1.50
08.04.2013 00:22:15.529,1.53381,1.53371,1.13,1.50
08.04.2013 00:22:16.929,1.53381,1.53373,1.13,1.50
08.04.2013 00:22:17.049,1.53383,1.53373,2.63,1.50
08.04.2013 00:22:17.410,1.53383,1.53372,2.63,1.50
08.04.2013 00:22:17.912,1.53382,1.53368,2.78,1.50
08.04.2013 00:22:18.458,1.53377,1.53368,1.13,1.50
08.04.2013 00:22:23.868,1.53378,1.53368,1.13,1.50
08.04.2013 00:22:24.002,1.53379,1.53371,1.50,1.50
08.04.2013 00:22:24.307,1.53383,1.53373,1.88,1.50
08.04.2013 00:22:25.518,1.53383,1.53373,1.13,1.50
08.04.2013 00:22:25.939,1.53381,1.53372,1.13,1.50
08.04.2013 00:22:29.528,1.53381,1.53364,1.50,2.78
08.04.2013 00:22:29.647,1.53381,1.53364,1.50,2.03
08.04.2013 00:22:30.659,1.53381,1.53364,1.50,2.33
08.04.2013 00:22:39.698,1.53382,1.53365,1.50,2.03
08.04.2013 00:22:40.888,1.53379,1.53366,1.13,1.65
08.04.2013 00:22:43.339,1.53379,1.53364,1.13,2.03
08.04.2013 00:22:44.758,1.53378,1.53364,1.13,1.50
08.04.2013 00:22:49.108,1.53376,1.53362,1.50,1.50
08.04.2013 00:22:53.438,1.53377,1.53362,1.50,1.50
08.04.2013 00:22:53.968,1.53380,1.53362,1.50,1.50
08.04.2013 00:22:55.398,1.53375,1.53362,1.13,1.50
08.04.2013 00:22:55.469,1.53376,1.53362,1.88,1.50
08.04.2013 00:22:57.425,1.53376,1.53362,1.13,1.50
08.04.2013 00:23:07.079,1.53376,1.53364,1.50,1.50
08.04.2013 00:23:08.208,1.53379,1.53365,1.50,1.50
08.04.2013 00:23:08.329,1.53381,1.53364,2.63,1.50
08.04.2013 00:23:09.070,1.53381,1.53365,2.63,1.13
08.04.2013 00:23:12.762,1.53379,1.53366,1.50,1.50
08.04.2013 00:23:12.949,1.53381,1.53366,1.50,1.50
08.04.2013 00:23:13.489,1.53381,1.53365,1.50,2.25
08.04.2013 00:23:14.462,1.53381,1.53365,1.50,1.50
08.04.2013 00:23:14.828,1.53379,1.53365,1.50,1.65
08.04.2013 00:23:14.952,1.53380,1.53367,1.50,2.40
08.04.2013 00:23:15.200,1.53380,1.53367,1.50,2.78
08.04.2013 00:23:15.260,1.53380,1.53367,1.50,2.78
08.04.2013 00:23:16.039,1.53380,1.53367,1.13,3.53
08.04.2013 00:23:22.849,1.53381,1.53367,1.50,2.03
08.04.2013 00:23:26.959,1.53381,1.53369,1.13,1.65
08.04.2013 00:23:27.019,1.53384,1.53371,1.13,1.50
08.04.2013 00:23:27.526,1.53385,1.53371,1.13,1.50
08.04.2013 00:23:29.517,1.53386,1.53371,1.50,1.50
08.04.2013 00:23:36.109,1.53383,1.53371,1.13,1.50
08.04.2013 00:23:40.655,1.53387,1.53371,1.13,1.50
08.04.2013 00:23:40.959,1.53383,1.53371,1.13,1.50
08.04.2013 00:23:45.189,1.53381,1.53369,1.13,1.28
08.04.2013 00:23:53.399,1.53384,1.53368,1.13,3.53
08.04.2013 00:23:58.491,1.53382,1.53369,1.13,1.28
08.04.2013 00:24:00.048,1.53385,1.53369,1.50,1.28
08.04.2013 00:24:00.779,1.53385,1.53375,1.50,1.13
08.04.2013 00:24:00.958,1.53386,1.53375,1.13,1.50
08.04.2013 00:24:01.328,1.53386,1.53372,1.13,1.50
08.04.2013 00:24:01.388,1.53386,1.53369,1.13,3.53
08.04.2013 00:24:01.508,1.53386,1.53369,1.13,2.03
08.04.2013 00:24:01.689,1.53386,1.53369,1.13,2.78
08.04.2013 00:24:02.099,1.53384,1.53369,1.13,2.03
08.04.2013 00:24:06.709,1.53384,1.53369,1.13,1.28
08.04.2013 00:24:06.949,1.53383,1.53370,1.50,1.50
08.04.2013 00:24:07.069,1.53387,1.53370,1.50,1.50
08.04.2013 00:24:07.129,1.53387,1.53370,2.25,1.50
08.04.2013 00:24:10.890,1.53386,1.53370,1.50,1.50
08.04.2013 00:24:12.160,1.53385,1.53370,1.50,1.50
08.04.2013 00:24:20.112,1.53385,1.53370,2.63,1.50
08.04.2013 00:24:21.637,1.53386,1.53370,1.13,1.50
08.04.2013 00:24:21.899,1.53387,1.53370,1.88,1.50
08.04.2013 00:24:23.072,1.53387,1.53370,1.13,1.50
08.04.2013 00:24:23.320,1.53386,1.53370,1.13,2.25
08.04.2013 00:24:23.840,1.53386,1.53370,1.13,2.25
08.04.2013 00:24:24.199,1.53385,1.53370,1.13,1.50
08.04.2013 00:24:26.468,1.53386,1.53369,1.88,1.28
08.04.2013 00:24:28.578,1.53385,1.53370,1.13,1.50
08.04.2013 00:24:30.259,1.53387,1.53374,1.13,2.01
08.04.2013 00:24:30.378,1.53387,1.53376,1.13,1.05
08.04.2013 00:24:30.680,1.53392,1.53381,1.50,2.55
08.04.2013 00:24:30.870,1.53398,1.53384,1.50,2.18
08.04.2013 00:24:31.228,1.53398,1.53384,2.25,2.55
08.04.2013 00:24:31.288,1.53398,1.53384,1.50,2.55
08.04.2013 00:24:31.468,1.53398,1.53384,2.25,2.55
08.04.2013 00:24:32.060,1.53398,1.53384,2.25,2.55
08.04.2013 00:24:33.208,1.53398,1.53384,2.25,1.80
08.04.2013 00:24:33.669,1.53398,1.53384,2.25,2.55
08.04.2013 00:24:34.738,1.53397,1.53382,1.88,1.50
08.04.2013 00:24:39.399,1.53397,1.53380,2.63,1.50
08.04.2013 00:24:39.949,1.53396,1.53380,1.50,1.50
08.04.2013 00:24:40.909,1.53397,1.53384,1.50,1.88
08.04.2013 00:24:41.028,1.53396,1.53384,1.50,2.03
08.04.2013 00:24:41.209,1.53398,1.53384,1.50,2.63
08.04.2013 00:24:41.509,1.53398,1.53385,1.50,1.50
08.04.2013 00:24:41.879,1.53398,1.53385,1.13,1.50
08.04.2013 00:24:43.081,1.53397,1.53385,1.13,1.13
08.04.2013 00:24:43.390,1.53398,1.53386,1.13,1.50
08.04.2013 00:24:43.519,1.53397,1.53385,1.13,1.50
08.04.2013 00:24:43.579,1.53398,1.53386,1.13,1.13
08.04.2013 00:24:43.880,1.53400,1.53386,1.50,2.25
08.04.2013 00:24:43.999,1.53400,1.53386,1.50,1.50
08.04.2013 00:24:44.121,1.53400,1.53386,1.50,2.40
08.04.2013 00:24:44.249,1.53402,1.53388,1.50,1.50
08.04.2013 00:24:44.379,1.53403,1.53388,2.25,1.50
08.04.2013 00:24:44.559,1.53403,1.53389,1.50,1.50
08.04.2013 00:24:45.060,1.53403,1.53391,1.50,2.25
08.04.2013 00:24:45.250,1.53403,1.53391,1.50,2.25
08.04.2013 00:24:47.851,1.53404,1.53391,1.50,2.25
08.04.2013 00:24:47.930,1.53406,1.53391,2.25,2.25
08.04.2013 00:24:50.619,1.53405,1.53391,1.50,2.25
08.04.2013 00:24:50.920,1.53403,1.53389,1.50,1.13
08.04.2013 00:24:51.048,1.53403,1.53389,1.13,1.13
08.04.2013 00:24:51.659,1.53402,1.53389,1.13,1.13
08.04.2013 00:24:52.078,1.53405,1.53391,2.25,1.50
08.04.2013 00:24:53.409,1.53405,1.53392,1.88,1.50
08.04.2013 00:24:57.522,1.53407,1.53391,1.50,1.50
08.04.2013 00:24:59.260,1.53402,1.53387,1.65,1.13
08.04.2013 00:24:59.347,1.53395,1.53382,2.25,1.88
08.04.2013 00:24:59.480,1.53395,1.53378,2.25,2.03
08.04.2013 00:24:59.970,1.53392,1.53378,1.13,2.03
08.04.2013 00:25:00.150,1.53392,1.53378,1.13,1.13
08.04.2013 00:25:00.271,1.53393,1.53378,2.25,1.13
08.04.2013 00:25:00.459,1.53385,1.53373,1.50,2.25
08.04.2013 00:25:00.880,1.53386,1.53373,1.50,1.65
08.04.2013 00:25:01.059,1.53389,1.53373,1.13,1.65
08.04.2013 00:25:01.968,1.53388,1.53373,1.13,1.65
08.04.2013 00:25:02.088,1.53386,1.53373,1.13,1.65
08.04.2013 00:25:02.448,1.53386,1.53375,1.13,1.88
08.04.2013 00:25:04.819,1.53388,1.53375,1.13,1.88
08.04.2013 00:25:05.345,1.53389,1.53375,1.13,1.88
08.04.2013 00:25:08.134,1.53389,1.53379,1.13,1.50
08.04.2013 00:25:08.201,1.53395,1.53379,1.50,2.40
08.04.2013 00:25:09.418,1.53395,1.53381,2.25,1.50
08.04.2013 00:25:10.038,1.53393,1.53381,1.50,1.50
08.04.2013 00:25:15.439,1.53392,1.53381,1.13,1.50
08.04.2013 00:25:18.478,1.53391,1.53380,1.13,1.50
08.04.2013 00:25:20.169,1.53391,1.53379,1.13,1.65
08.04.2013 00:25:20.230,1.53390,1.53378,1.13,1.65
08.04.2013 00:25:20.361,1.53393,1.53377,1.13,1.65
08.04.2013 00:25:20.489,1.53394,1.53379,1.88,1.65
08.04.2013 00:25:21.878,1.53394,1.53381,1.50,1.50
08.04.2013 00:25:25.799,1.53394,1.53379,1.54,1.28
08.04.2013 00:25:25.979,1.53390,1.53376,1.13,1.65
08.04.2013 00:25:26.398,1.53391,1.53376,1.13,1.65
08.04.2013 00:25:27.119,1.53391,1.53376,1.13,1.65
08.04.2013 00:25:32.418,1.53392,1.53376,1.50,2.40
08.04.2013 00:25:32.960,1.53392,1.53376,1.50,1.65
08.04.2013 00:25:37.531,1.53393,1.53376,1.50,2.40
08.04.2013 00:25:41.978,1.53391,1.53376,1.50,2.40
08.04.2013 00:25:44.798,1.53392,1.53376,1.13,2.40
08.04.2013 00:25:45.306,1.53392,1.53377,1.13,1.65
08.04.2013 00:25:47.698,1.53390,1.53377,1.13,1.65
08.04.2013 00:25:53.360,1.53388,1.53377,1.13,1.65
08.04.2013 00:25:53.988,1.53388,1.53377,1.13,1.65
08.04.2013 00:25:57.498,1.53391,1.53377,1.13,1.65
08.04.2013 00:26:08.709,1.53392,1.53376,1.88,2.40
08.04.2013 00:26:09.260,1.53391,1.53376,1.13,2.25
08.04.2013 00:26:09.504,1.53388,1.53376,1.13,2.25
08.04.2013 00:26:10.069,1.53388,1.53375,1.13,2.40
08.04.2013 00:26:13.668,1.53387,1.53373,1.50,2.25
08.04.2013 00:26:13.729,1.53387,1.53369,2.25,2.03
08.04.2013 00:26:17.519,1.53385,1.53371,1.88,1.50
08.04.2013 00:26:23.147,1.53384,1.53368,1.13,1.65
08.04.2013 00:26:24.110,1.53383,1.53367,1.13,3.53
08.04.2013 00:26:24.309,1.53384,1.53368,1.88,1.65
08.04.2013 00:26:27.848,1.53383,1.53368,1.13,2.40
08.04.2013 00:26:29.008,1.53384,1.53368,1.13,2.40
08.04.2013 00:26:32.348,1.53386,1.53368,1.50,2.40
08.04.2013 00:26:34.229,1.53386,1.53370,1.88,1.65
08.04.2013 00:26:39.850,1.53385,1.53368,1.13,2.40
08.04.2013 00:26:40.158,1.53383,1.53368,1.13,2.40
08.04.2013 00:26:41.948,1.53384,1.53368,2.63,2.40
08.04.2013 00:27:04.099,1.53385,1.53369,1.13,1.65
08.04.2013 00:27:06.835,1.53385,1.53369,1.88,1.65
08.04.2013 00:27:10.269,1.53383,1.53369,1.50,1.65
08.04.2013 00:27:11.640,1.53384,1.53369,1.50,1.65
08.04.2013 00:27:15.359,1.53386,1.53370,1.50,1.65
08.04.2013 00:27:15.850,1.53386,1.53370,2.25,1.65
08.04.2013 00:27:20.298,1.53383,1.53370,1.50,1.65
08.04.2013 00:27:22.418,1.53384,1.53370,1.88,1.65
08.04.2013 00:27:23.608,1.53381,1.53368,1.58,2.25
08.04.2013 00:27:23.790,1.53371,1.53366,1.13,5.63
08.04.2013 00:27:24.088,1.53371,1.53359,1.13,1.28
08.04.2013 00:27:24.638,1.53371,1.53360,1.13,2.40
08.04.2013 00:27:25.579,1.53371,1.53362,1.13,1.65
08.04.2013 00:27:25.640,1.53371,1.53363,1.13,2.40
08.04.2013 00:27:25.709,1.53377,1.53363,1.50,2.40
08.04.2013 00:27:25.779,1.53378,1.53364,1.13,1.50
08.04.2013 00:27:26.378,1.53379,1.53362,2.63,1.50
08.04.2013 00:27:27.529,1.53379,1.53361,6.01,1.88
08.04.2013 00:27:30.498,1.53374,1.53361,1.13,2.63
08.04.2013 00:27:31.058,1.53374,1.53361,1.50,2.63
08.04.2013 00:27:36.829,1.53375,1.53361,1.13,2.25
08.04.2013 00:27:37.548,1.53375,1.53361,1.50,1.50
08.04.2013 00:27:38.108,1.53378,1.53361,1.13,2.25
08.04.2013 00:27:43.529,1.53374,1.53362,1.50,1.50
08.04.2013 00:27:48.842,1.53375,1.53362,1.50,1.50
08.04.2013 00:27:49.389,1.53375,1.53362,1.50,1.50
08.04.2013 00:27:49.751,1.53377,1.53364,1.50,2.40
08.04.2013 00:27:50.879,1.53378,1.53364,1.13,2.40
08.04.2013 00:27:51.393,1.53377,1.53364,1.13,2.40
08.04.2013 00:27:54.839,1.53375,1.53364,1.13,2.40
08.04.2013 00:28:02.628,1.53375,1.53365,1.13,1.28
08.04.2013 00:28:02.749,1.53380,1.53366,1.50,2.40
08.04.2013 00:28:02.870,1.53380,1.53367,1.50,1.65
08.04.2013 00:28:03.110,1.53383,1.53369,1.13,2.40
08.04.2013 00:28:04.429,1.53386,1.53369,1.50,1.28
08.04.2013 00:28:06.837,1.53381,1.53369,1.50,2.40
08.04.2013 00:28:06.912,1.53383,1.53371,1.13,2.25
08.04.2013 00:28:09.034,1.53385,1.53371,1.50,2.25
08.04.2013 00:28:09.579,1.53385,1.53372,1.50,1.50
08.04.2013 00:28:10.100,1.53385,1.53371,1.50,2.25
08.04.2013 00:28:10.668,1.53385,1.53371,1.50,2.25
08.04.2013 00:28:17.360,1.53386,1.53373,1.50,3.00
08.04.2013 00:28:18.378,1.53386,1.53373,1.50,3.00
08.04.2013 00:28:19.770,1.53385,1.53373,1.50,3.00
08.04.2013 00:28:20.389,1.53388,1.53374,1.50,1.13
08.04.2013 00:28:20.450,1.53391,1.53376,1.28,1.50
08.04.2013 00:28:20.509,1.53393,1.53376,1.50,2.40
08.04.2013 00:28:21.391,1.53395,1.53379,2.25,1.50
08.04.2013 00:28:21.709,1.53393,1.53382,1.13,3.00
08.04.2013 00:28:21.831,1.53397,1.53380,1.13,6.00
08.04.2013 00:28:22.368,1.53398,1.53381,1.13,1.50
08.04.2013 00:28:27.239,1.53400,1.53381,1.13,6.38
08.04.2013 00:28:27.939,1.53400,1.53382,1.13,1.50
08.04.2013 00:28:28.119,1.53400,1.53383,1.13,3.00
08.04.2013 00:28:28.711,1.53400,1.53385,1.28,1.50
08.04.2013 00:28:29.946,1.53401,1.53386,1.28,2.25
08.04.2013 00:28:30.500,1.53402,1.53387,1.13,1.50
08.04.2013 00:28:38.898,1.53409,1.53393,1.13,1.50
08.04.2013 00:28:39.140,1.53408,1.53392,1.13,1.50
08.04.2013 00:28:41.783,1.53408,1.53391,1.13,1.50
08.04.2013 00:28:42.354,1.53408,1.53393,1.13,1.50
08.04.2013 00:28:58.057,1.53411,1.53399,1.28,1.88
08.04.2013 00:29:01.209,1.53411,1.53400,1.28,1.88
08.04.2013 00:29:07.219,1.53411,1.53397,1.28,1.88
08.04.2013 00:29:07.312,1.53411,1.53395,1.28,2.25
08.04.2013 00:29:07.824,1.53409,1.53395,1.13,2.25
08.04.2013 00:29:10.636,1.53409,1.53395,1.13,2.25
08.04.2013 00:29:20.548,1.53410,1.53395,1.13,2.25
08.04.2013 00:29:23.618,1.53408,1.53394,1.13,1.88
08.04.2013 00:29:24.669,1.53408,1.53393,1.13,2.63
08.04.2013 00:29:25.210,1.53408,1.53393,1.13,1.88
08.04.2013 00:29:29.518,1.53408,1.53393,1.13,1.88
08.04.2013 00:29:29.639,1.53408,1.53393,1.13,1.88
08.04.2013 00:29:30.178,1.53408,1.53394,1.13,1.50
08.04.2013 00:29:32.210,1.53408,1.53393,1.13,1.88
08.04.2013 00:29:32.512,1.53408,1.53394,1.13,1.50
08.04.2013 00:29:32.819,1.53408,1.53393,1.13,2.63
08.04.2013 00:29:35.309,1.53409,1.53393,1.88,3.38
08.04.2013 00:29:53.559,1.53409,1.53394,1.13,1.13
08.04.2013 00:29:54.099,1.53409,1.53394,1.13,1.13
08.04.2013 00:30:01.289,1.53410,1.53394,1.13,1.13
08.04.2013 00:30:08.577,1.53408,1.53393,1.13,2.63
08.04.2013 00:30:10.840,1.53408,1.53393,1.13,1.88
08.04.2013 00:30:17.248,1.53410,1.53393,1.13,1.88
08.04.2013 00:30:20.049,1.53409,1.53393,1.50,1.13
08.04.2013 00:30:20.869,1.53410,1.53393,1.88,1.13
08.04.2013 00:30:21.319,1.53409,1.53393,1.50,1.13
08.04.2013 00:30:23.978,1.53409,1.53393,1.50,1.13
08.04.2013 00:30:24.399,1.53407,1.53393,1.50,1.13
08.04.2013 00:30:24.638,1.53407,1.53393,1.50,1.13
08.04.2013 00:30:26.508,1.53407,1.53393,1.50,1.13
08.04.2013 00:30:30.198,1.53409,1.53393,1.13,1.88
08.04.2013 00:30:30.738,1.53409,1.53393,1.13,1.13
08.04.2013 00:30:32.228,1.53411,1.53393,2.03,2.25
08.04.2013 00:30:32.528,1.53411,1.53393,2.03,2.25
08.04.2013 00:30:33.078,1.53411,1.53393,2.03,1.50
08.04.2013 00:30:33.689,1.53411,1.53393,2.03,2.25
08.04.2013 00:30:37.420,1.53411,1.53393,2.03,2.63
08.04.2013 00:30:38.269,1.53411,1.53393,2.03,2.63
08.04.2013 00:30:44.618,1.53411,1.53393,2.03,2.63
08.04.2013 00:30:45.150,1.53410,1.53394,1.13,1.13
08.04.2013 00:30:52.118,1.53410,1.53394,1.13,1.13
08.04.2013 00:31:07.595,1.53407,1.53392,1.13,1.88
08.04.2013 00:31:08.908,1.53407,1.53393,1.13,1.13
08.04.2013 00:31:11.958,1.53405,1.53392,1.50,1.13
08.04.2013 00:31:12.469,1.53404,1.53392,1.50,1.13
08.04.2013 00:31:13.118,1.53404,1.53392,1.50,1.88
08.04.2013 00:31:15.269,1.53409,1.53393,2.63,1.13
08.04.2013 00:31:15.749,1.53409,1.53396,1.13,1.50
08.04.2013 00:31:16.110,1.53409,1.53395,1.13,2.63
08.04.2013 00:31:16.908,1.53409,1.53395,1.13,1.88
08.04.2013 00:31:17.339,1.53410,1.53395,2.63,1.88
08.04.2013 00:31:17.899,1.53410,1.53396,1.88,1.50
08.04.2013 00:31:18.318,1.53410,1.53395,1.88,2.63
08.04.2013 00:31:20.459,1.53410,1.53395,1.88,3.38
08.04.2013 00:31:23.779,1.53412,1.53396,2.78,2.63
08.04.2013 00:31:23.900,1.53412,1.53397,1.13,1.50
08.04.2013 00:31:25.838,1.53413,1.53397,1.13,3.00
08.04.2013 00:31:25.899,1.53412,1.53397,1.13,3.00
08.04.2013 00:31:27.055,1.53412,1.53397,1.13,1.50
08.04.2013 00:31:44.658,1.53411,1.53396,1.88,3.00
08.04.2013 00:31:50.529,1.53411,1.53398,1.13,1.50
08.04.2013 00:31:51.140,1.53411,1.53398,1.13,1.50
08.04.2013 00:31:52.560,1.53410,1.53398,1.13,1.50
08.04.2013 00:31:55.649,1.53411,1.53398,1.50,2.25
08.04.2013 00:31:55.830,1.53413,1.53399,1.50,1.50
08.04.2013 00:31:56.499,1.53411,1.53400,1.50,1.13
08.04.2013 00:31:56.678,1.53411,1.53400,1.50,3.53
08.04.2013 00:31:56.738,1.53416,1.53402,2.25,1.50
08.04.2013 00:31:59.287,1.53416,1.53402,1.50,1.50
08.04.2013 00:31:59.509,1.53415,1.53402,1.50,1.50
08.04.2013 00:32:01.849,1.53415,1.53405,1.50,1.50
08.04.2013 00:32:01.969,1.53416,1.53407,1.50,1.50
08.04.2013 00:32:02.210,1.53416,1.53405,1.50,1.13
08.04.2013 00:32:03.700,1.53416,1.53403,1.50,1.84
08.04.2013 00:32:07.379,1.53416,1.53403,1.88,1.84
08.04.2013 00:32:12.279,1.53416,1.53403,1.50,1.84
08.04.2013 00:32:15.389,1.53413,1.53403,1.13,1.50
08.04.2013 00:32:15.449,1.53412,1.53399,1.13,1.88
08.04.2013 00:32:15.568,1.53412,1.53399,1.13,1.50
08.04.2013 00:32:19.469,1.53412,1.53397,1.13,1.88
08.04.2013 00:32:20.009,1.53412,1.53397,1.13,1.88
08.04.2013 00:32:20.559,1.53412,1.53397,1.13,1.88
08.04.2013 00:32:21.510,1.53412,1.53397,1.13,1.88
08.04.2013 00:32:22.338,1.53416,1.53402,3.15,1.13
08.04.2013 00:32:41.468,1.53416,1.53402,2.78,1.13
08.04.2013 00:32:54.429,1.53415,1.53402,1.50,2.25
08.04.2013 00:32:58.399,1.53415,1.53403,1.50,1.13
08.04.2013 00:32:58.458,1.53417,1.53406,4.50,1.13
08.04.2013 00:33:01.210,1.53417,1.53406,3.00,1.13
08.04.2013 00:33:04.388,1.53417,1.53406,3.00,1.13
08.04.2013 00:33:06.849,1.53416,1.53403,2.25,1.50
08.04.2013 00:33:07.678,1.53416,1.53403,2.25,1.50
08.04.2013 00:33:08.529,1.53415,1.53403,1.50,1.50
08.04.2013 00:33:08.890,1.53412,1.53399,1.50,1.50
08.04.2013 00:33:09.079,1.53411,1.53399,2.25,1.50
08.04.2013 00:33:09.582,1.53409,1.53398,1.13,1.50
08.04.2013 00:33:13.099,1.53410,1.53398,1.65,1.50
08.04.2013 00:33:17.379,1.53409,1.53393,1.50,2.25
08.04.2013 00:33:17.559,1.53409,1.53394,2.25,1.13
08.04.2013 00:33:17.738,1.53409,1.53391,3.00,2.63
08.04.2013 00:33:20.459,1.53407,1.53391,1.50,2.25
08.04.2013 00:33:21.258,1.53407,1.53394,1.50,1.13
08.04.2013 00:33:24.960,1.53407,1.53394,1.50,1.13
08.04.2013 00:33:25.736,1.53407,1.53394,1.50,1.13
08.04.2013 00:33:26.610,1.53407,1.53394,1.50,1.13
08.04.2013 00:33:27.128,1.53407,1.53391,1.50,2.03
08.04.2013 00:33:27.789,1.53407,1.53391,1.50,2.03
08.04.2013 00:33:29.957,1.53409,1.53394,4.28,1.13
08.04.2013 00:33:39.376,1.53409,1.53396,3.53,1.13
08.04.2013 00:33:40.978,1.53409,1.53394,3.53,1.13
08.04.2013 00:33:43.178,1.53407,1.53396,1.50,1.13
08.04.2013 00:33:47.739,1.53407,1.53394,1.50,1.13
08.04.2013 00:33:48.278,1.53407,1.53394,1.50,1.13
08.04.2013 00:33:50.519,1.53407,1.53391,1.50,1.65
08.04.2013 00:33:51.919,1.53407,1.53394,1.50,1.13
08.04.2013 00:33:53.268,1.53407,1.53393,1.50,1.13
08.04.2013 00:34:04.500,1.53407,1.53394,2.25,1.50
08.04.2013 00:34:05.009,1.53407,1.53394,2.25,1.50
08.04.2013 00:34:05.552,1.53405,1.53396,1.50,1.13
08.04.2013 00:34:06.158,1.53405,1.53396,1.50,1.13
08.04.2013 00:34:08.650,1.53405,1.53392,1.50,1.13
08.04.2013 00:34:13.839,1.53405,1.53392,1.50,1.13
08.04.2013 00:34:14.078,1.53405,1.53391,1.50,1.28
08.04.2013 00:34:14.200,1.53405,1.53392,1.50,1.13
08.04.2013 00:34:16.208,1.53405,1.53392,1.65,1.13
08.04.2013 00:34:16.328,1.53405,1.53392,1.65,1.13
08.04.2013 00:34:16.519,1.53405,1.53392,1.65,1.13
08.04.2013 00:34:16.820,1.53405,1.53391,1.65,1.28
08.04.2013 00:34:19.098,1.53405,1.53391,1.65,1.28
08.04.2013 00:34:19.816,1.53405,1.53391,1.65,1.28
08.04.2013 00:34:20.100,1.53401,1.53386,1.20,2.25
08.04.2013 00:34:20.220,1.53397,1.53385,1.50,1.13
08.04.2013 00:34:20.280,1.53394,1.53382,2.55,1.13
08.04.2013 00:34:20.339,1.53392,1.53380,2.25,1.13
08.04.2013 00:34:20.461,1.53389,1.53371,2.03,1.50
08.04.2013 00:34:20.652,1.53385,1.53369,2.25,1.50
08.04.2013 00:34:21.159,1.53385,1.53369,2.25,1.50
08.04.2013 00:34:22.449,1.53385,1.53366,2.25,3.00
08.04.2013 00:34:27.389,1.53385,1.53367,1.50,1.28
08.04.2013 00:34:28.940,1.53385,1.53367,1.50,2.25
08.04.2013 00:34:29.190,1.53387,1.53372,1.50,1.13
08.04.2013 00:34:32.909,1.53389,1.53373,1.50,1.13
08.04.2013 00:34:34.841,1.53389,1.53373,1.50,1.13
08.04.2013 00:34:47.869,1.53391,1.53373,1.28,2.63
08.04.2013 00:34:52.598,1.53391,1.53373,1.65,1.50
08.04.2013 00:34:59.179,1.53391,1.53374,1.28,1.13
08.04.2013 00:35:01.919,1.53391,1.53373,1.28,1.88
08.04.2013 00:35:03.028,1.53391,1.53374,1.28,1.13
08.04.2013 00:35:03.270,1.53391,1.53374,1.28,1.13
08.04.2013 00:35:03.748,1.53393,1.53375,1.88,1.50
08.04.2013 00:35:04.229,1.53396,1.53378,3.38,2.40
08.04.2013 00:35:04.349,1.53397,1.53379,3.00,1.88
08.04.2013 00:35:07.799,1.53396,1.53382,1.13,1.13
08.04.2013 00:35:09.299,1.53396,1.53382,1.17,1.13
08.04.2013 00:35:19.940,1.53397,1.53381,1.17,1.88
08.04.2013 00:35:21.039,1.53396,1.53379,1.92,1.88
08.04.2013 00:35:25.288,1.53396,1.53379,1.17,1.13
08.04.2013 00:35:26.579,1.53396,1.53378,1.17,1.88
08.04.2013 00:35:28.739,1.53397,1.53380,1.17,1.13
08.04.2013 00:35:29.982,1.53396,1.53381,1.17,1.88
08.04.2013 00:35:30.540,1.53397,1.53380,2.67,1.13
08.04.2013 00:35:33.600,1.53397,1.53380,1.17,1.13
08.04.2013 00:35:38.189,1.53397,1.53378,1.54,2.25
08.04.2013 00:35:40.039,1.53397,1.53378,2.07,1.13
08.04.2013 00:35:46.219,1.53396,1.53377,1.32,1.88
08.04.2013 00:35:46.739,1.53396,1.53377,1.32,1.88
08.04.2013 00:35:56.235,1.53396,1.53377,1.69,1.88
08.04.2013 00:35:58.198,1.53395,1.53377,1.32,1.88
08.04.2013 00:36:07.999,1.53396,1.53377,1.69,1.13
08.04.2013 00:36:08.440,1.53396,1.53378,1.69,1.50
08.04.2013 00:36:12.368,1.53396,1.53378,1.32,1.13
08.04.2013 00:36:12.969,1.53396,1.53378,1.32,1.13
08.04.2013 00:36:13.330,1.53396,1.53377,2.07,1.13
08.04.2013 00:36:17.742,1.53395,1.53376,1.32,2.63
08.04.2013 00:36:28.739,1.53395,1.53377,1.32,1.50
08.04.2013 00:36:30.010,1.53396,1.53378,1.32,1.88
08.04.2013 00:36:31.391,1.53396,1.53378,1.54,1.88
08.04.2013 00:36:31.570,1.53396,1.53378,1.54,1.88
08.04.2013 00:36:31.870,1.53396,1.53378,1.54,1.88
08.04.2013 00:36:32.429,1.53396,1.53377,1.92,1.13
08.04.2013 00:36:33.309,1.53396,1.53385,1.17,1.13
08.04.2013 00:36:33.550,1.53398,1.53386,1.13,1.50
08.04.2013 00:36:33.670,1.53404,1.53388,1.50,1.50
08.04.2013 00:36:34.090,1.53406,1.53388,1.65,2.25
08.04.2013 00:36:34.748,1.53410,1.53393,1.88,1.50
08.04.2013 00:36:36.449,1.53410,1.53394,1.50,1.13
08.04.2013 00:36:40.441,1.53410,1.53393,1.50,1.88
08.04.2013 00:36:46.338,1.53410,1.53394,1.50,1.13
08.04.2013 00:36:52.150,1.53411,1.53393,2.33,1.65
08.04.2013 00:36:52.330,1.53414,1.53397,1.50,1.13
08.04.2013 00:36:52.809,1.53415,1.53397,1.50,1.13
08.04.2013 00:36:53.319,1.53413,1.53397,1.50,1.13
08.04.2013 00:36:53.859,1.53413,1.53396,2.25,1.13
08.04.2013 00:36:54.399,1.53413,1.53396,1.50,1.13
08.04.2013 00:36:56.723,1.53414,1.53396,1.50,1.13
08.04.2013 00:36:57.300,1.53415,1.53396,1.88,1.13
08.04.2013 00:36:58.920,1.53414,1.53396,1.28,1.13
08.04.2013 00:36:59.231,1.53415,1.53397,1.65,1.13
08.04.2013 00:37:01.148,1.53413,1.53396,1.13,1.88
08.04.2013 00:37:03.299,1.53415,1.53396,1.65,1.88
08.04.2013 00:37:05.518,1.53413,1.53396,1.13,1.88
08.04.2013 00:37:07.739,1.53415,1.53396,1.65,1.88
08.04.2013 00:37:09.090,1.53415,1.53397,1.65,1.13
08.04.2013 00:37:10.569,1.53415,1.53397,1.65,1.13
08.04.2013 00:37:11.089,1.53414,1.53397,1.65,1.13
08.04.2013 00:37:17.141,1.53413,1.53397,1.50,1.13
08.04.2013 00:37:20.439,1.53411,1.53395,1.28,2.63
08.04.2013 00:37:21.769,1.53411,1.53396,2.03,1.13
08.04.2013 00:37:22.129,1.53409,1.53396,1.50,1.13
08.04.2013 00:37:22.429,1.53409,1.53396,1.50,1.13
08.04.2013 00:37:22.730,1.53409,1.53393,2.25,1.88
08.04.2013 00:37:22.878,1.53409,1.53394,2.25,1.13
08.04.2013 00:37:27.819,1.53409,1.53394,1.50,1.13
08.04.2013 00:37:33.446,1.53409,1.53394,1.50,1.13
08.04.2013 00:37:35.839,1.53409,1.53394,1.50,1.13
08.04.2013 00:37:37.689,1.53409,1.53392,1.50,2.63
08.04.2013 00:37:38.980,1.53409,1.53392,1.50,2.63
08.04.2013 00:37:41.920,1.53409,1.53393,1.50,1.13
08.04.2013 00:37:43.150,1.53409,1.53393,1.50,1.13
08.04.2013 00:37:45.560,1.53410,1.53392,2.40,1.88
08.04.2013 00:37:45.621,1.53409,1.53392,1.50,1.88
08.04.2013 00:37:45.750,1.53410,1.53392,2.40,1.88
08.04.2013 00:37:46.170,1.53410,1.53394,2.40,1.13
08.04.2013 00:37:47.305,1.53410,1.53394,2.40,2.63
08.04.2013 00:37:49.059,1.53410,1.53394,2.40,1.50
08.04.2013 00:37:52.959,1.53410,1.53395,2.40,1.50
08.04.2013 00:37:53.079,1.53412,1.53396,1.28,1.50
08.04.2013 00:37:53.320,1.53412,1.53398,1.13,1.84
08.04.2013 00:37:53.680,1.53412,1.53398,1.13,1.13
08.04.2013 00:38:00.792,1.53413,1.53399,1.50,2.25
08.04.2013 00:38:00.865,1.53414,1.53398,1.50,1.28
08.04.2013 00:38:00.988,1.53415,1.53396,3.00,2.97
08.04.2013 00:38:01.289,1.53410,1.53396,2.03,1.88
08.04.2013 00:38:03.019,1.53410,1.53396,2.03,1.88
08.04.2013 00:38:03.441,1.53410,1.53396,1.13,2.63
08.04.2013 00:38:03.620,1.53410,1.53397,1.13,1.50
08.04.2013 00:38:04.240,1.53413,1.53397,1.13,1.50
08.04.2013 00:38:08.310,1.53414,1.53398,1.50,1.50
08.04.2013 00:38:08.369,1.53413,1.53396,1.13,2.25
08.04.2013 00:38:08.730,1.53414,1.53400,1.13,1.09
08.04.2013 00:38:09.089,1.53415,1.53401,1.13,1.50
08.04.2013 00:38:09.150,1.53415,1.53401,1.13,1.50
08.04.2013 00:38:10.950,1.53415,1.53404,1.13,2.25
08.04.2013 00:38:11.253,1.53420,1.53412,2.25,1.13
08.04.2013 00:38:11.501,1.53426,1.53412,2.25,1.50
08.04.2013 00:38:11.619,1.53431,1.53414,1.13,1.65
08.04.2013 00:38:12.380,1.53432,1.53412,3.75,2.40
08.04.2013 00:38:14.170,1.53432,1.53414,2.63,1.28
08.04.2013 00:38:14.411,1.53430,1.53414,1.28,1.13
08.04.2013 00:38:16.410,1.53430,1.53414,2.03,1.13
08.04.2013 00:38:24.694,1.53430,1.53412,2.03,2.03
08.04.2013 00:38:25.522,1.53430,1.53412,2.03,2.03
08.04.2013 00:38:39.881,1.53428,1.53412,1.13,1.24
08.04.2013 00:38:40.240,1.53428,1.53410,1.28,1.28
08.04.2013 00:38:40.780,1.53427,1.53410,1.50,1.28
08.04.2013 00:38:53.640,1.53425,1.53410,1.50,1.28
08.04.2013 00:38:54.180,1.53422,1.53406,1.50,1.88
08.04.2013 00:38:57.590,1.53423,1.53407,1.50,1.65
08.04.2013 00:38:59.220,1.53417,1.53406,1.50,1.13
08.04.2013 00:38:59.280,1.53416,1.53405,1.50,1.50
08.04.2013 00:38:59.341,1.53416,1.53405,1.50,1.50
08.04.2013 00:39:00.002,1.53416,1.53403,1.50,1.50
08.04.2013 00:39:02.470,1.53415,1.53403,1.50,1.50
08.04.2013 00:39:02.993,1.53414,1.53401,1.50,1.88
08.04.2013 00:39:04.581,1.53413,1.53401,1.50,1.50
08.04.2013 00:39:05.129,1.53413,1.53401,1.50,1.50
08.04.2013 00:39:06.232,1.53415,1.53401,1.50,1.50
08.04.2013 00:39:20.425,1.53416,1.53401,1.50,1.50
08.04.2013 00:39:26.889,1.53415,1.53402,1.50,1.13
08.04.2013 00:39:36.678,1.53415,1.53403,1.50,1.13
08.04.2013 00:39:49.869,1.53415,1.53402,1.50,1.13
08.04.2013 00:39:50.169,1.53417,1.53402,1.50,1.88
08.04.2013 00:40:06.427,1.53418,1.53403,1.50,1.88
08.04.2013 00:40:06.860,1.53418,1.53404,1.50,1.50
08.04.2013 00:40:09.661,1.53418,1.53404,1.50,2.25
08.04.2013 00:40:10.019,1.53418,1.53406,1.50,1.50
08.04.2013 00:40:10.200,1.53418,1.53406,2.25,1.50
08.04.2013 00:40:10.260,1.53416,1.53404,1.50,1.50
08.04.2013 00:40:10.920,1.53416,1.53404,1.50,2.25
08.04.2013 00:40:13.410,1.53416,1.53404,1.50,1.88
08.04.2013 00:40:15.889,1.53416,1.53404,1.50,2.63
08.04.2013 00:40:24.219,1.53416,1.53404,1.50,2.63
08.04.2013 00:40:30.829,1.53415,1.53404,1.50,1.88
08.04.2013 00:40:31.010,1.53418,1.53406,2.25,1.50
08.04.2013 00:40:31.454,1.53416,1.53404,1.50,1.13
08.04.2013 00:40:34.369,1.53416,1.53404,1.50,1.88
08.04.2013 00:40:39.183,1.53416,1.53404,1.50,1.88
08.04.2013 00:40:40.639,1.53415,1.53401,1.50,2.63
08.04.2013 00:40:40.940,1.53412,1.53401,1.50,1.88
08.04.2013 00:40:40.999,1.53414,1.53401,1.50,2.63
08.04.2013 00:40:43.429,1.53413,1.53401,1.50,1.50
08.04.2013 00:40:44.120,1.53413,1.53401,1.50,1.50
08.04.2013 00:40:44.989,1.53412,1.53401,1.50,1.50
08.04.2013 00:40:45.671,1.53410,1.53397,1.50,1.65
08.04.2013 00:40:45.971,1.53408,1.53397,1.50,1.28
08.04.2013 00:40:46.686,1.53407,1.53394,1.50,2.03
08.04.2013 00:40:54.121,1.53407,1.53395,1.50,1.65
08.04.2013 00:40:58.680,1.53407,1.53394,1.50,1.65
08.04.2013 00:41:03.061,1.53407,1.53395,1.50,2.03
08.04.2013 00:41:03.610,1.53407,1.53395,1.50,2.03
08.04.2013 00:41:04.611,1.53408,1.53395,1.50,2.03
08.04.2013 00:41:07.209,1.53407,1.53395,1.50,2.03
08.04.2013 00:41:08.413,1.53411,1.53395,1.28,2.03
08.04.2013 00:41:08.959,1.53411,1.53395,1.65,1.50
08.04.2013 00:41:09.499,1.53410,1.53395,1.65,1.58
08.04.2013 00:41:10.019,1.53410,1.53393,1.65,1.20
08.04.2013 00:41:15.879,1.53413,1.53396,3.15,1.58
08.04.2013 00:41:15.940,1.53413,1.53396,2.25,1.58
08.04.2013 00:41:16.121,1.53416,1.53398,1.88,1.28
08.04.2013 00:41:16.425,1.53416,1.53401,1.13,1.50
08.04.2013 00:41:16.969,1.53418,1.53402,1.13,1.50
08.04.2013 00:41:19.240,1.53420,1.53403,1.28,1.88
08.04.2013 00:41:19.600,1.53421,1.53404,1.28,1.50
08.04.2013 00:41:19.660,1.53420,1.53403,1.28,2.63
08.04.2013 00:41:19.960,1.53420,1.53404,1.28,1.88
08.04.2013 00:41:20.499,1.53420,1.53406,1.13,3.00
08.04.2013 00:41:21.472,1.53420,1.53407,1.13,1.50
08.04.2013 00:41:22.190,1.53420,1.53406,1.13,3.00
08.04.2013 00:41:23.099,1.53420,1.53406,1.28,1.50
08.04.2013 00:41:24.741,1.53420,1.53406,1.28,1.50
08.04.2013 00:41:25.250,1.53420,1.53407,1.13,1.50
08.04.2013 00:41:25.609,1.53420,1.53407,1.13,1.50
08.04.2013 00:41:25.670,1.53423,1.53407,1.88,1.50
08.04.2013 00:41:26.780,1.53421,1.53407,1.13,1.50
08.04.2013 00:41:27.024,1.53423,1.53408,1.88,2.25
08.04.2013 00:41:27.333,1.53428,1.53416,2.25,1.50
08.04.2013 00:41:27.640,1.53430,1.53421,3.00,2.63
08.04.2013 00:41:27.942,1.53430,1.53421,3.00,1.13
08.04.2013 00:41:28.191,1.53430,1.53421,2.25,1.13
08.04.2013 00:41:28.324,1.53434,1.53418,1.13,1.50
08.04.2013 00:41:28.393,1.53434,1.53417,1.13,1.13
08.04.2013 00:41:28.462,1.53431,1.53415,1.28,2.63
08.04.2013 00:41:28.890,1.53431,1.53415,1.13,1.13
08.04.2013 00:41:35.670,1.53432,1.53416,1.65,1.50
08.04.2013 00:41:35.730,1.53431,1.53415,2.03,1.13
08.04.2013 00:41:35.790,1.53431,1.53412,2.40,1.88
08.04.2013 00:41:36.940,1.53431,1.53413,1.65,1.50
08.04.2013 00:41:37.299,1.53431,1.53413,1.65,1.50
08.04.2013 00:41:37.540,1.53430,1.53412,1.65,1.13
08.04.2013 00:41:37.782,1.53431,1.53412,1.65,1.88
08.04.2013 00:41:38.141,1.53430,1.53413,1.65,1.13
08.04.2013 00:41:38.689,1.53426,1.53413,1.50,1.13
08.04.2013 00:41:38.991,1.53423,1.53406,1.13,2.25
08.04.2013 00:41:39.052,1.53422,1.53406,1.28,1.50
08.04.2013 00:41:39.360,1.53418,1.53403,2.25,2.25
08.04.2013 00:41:39.899,1.53416,1.53403,1.50,1.13
08.04.2013 00:41:40.150,1.53414,1.53398,3.00,3.90
08.04.2013 00:41:40.689,1.53416,1.53398,2.03,1.88
08.04.2013 00:41:41.230,1.53414,1.53397,1.13,3.00
08.04.2013 00:41:48.349,1.53415,1.53397,1.28,1.50
08.04.2013 00:41:56.860,1.53416,1.53398,1.65,1.50
08.04.2013 00:41:56.981,1.53416,1.53398,1.65,1.88
08.04.2013 00:42:00.450,1.53415,1.53398,1.13,1.50
08.04.2013 00:42:00.920,1.53415,1.53401,1.13,1.13
08.04.2013 00:42:09.691,1.53417,1.53401,1.88,1.13
08.04.2013 00:42:28.271,1.53416,1.53401,1.50,1.13
08.04.2013 00:42:31.150,1.53416,1.53401,1.88,1.13
08.04.2013 00:42:31.652,1.53417,1.53401,1.88,1.13
08.04.2013 00:42:41.514,1.53416,1.53401,1.13,1.13
08.04.2013 00:42:46.769,1.53416,1.53401,1.13,1.13
08.04.2013 00:42:53.366,1.53416,1.53400,1.28,1.50
08.04.2013 00:43:11.190,1.53415,1.53401,1.88,1.13
08.04.2013 00:43:11.702,1.53416,1.53403,1.13,1.50
08.04.2013 00:43:17.725,1.53419,1.53402,1.88,1.13
08.04.2013 00:43:17.794,1.53419,1.53401,1.88,3.75
08.04.2013 00:43:18.160,1.53417,1.53402,1.50,1.13
08.04.2013 00:43:19.039,1.53417,1.53401,1.50,2.25
08.04.2013 00:43:29.460,1.53418,1.53401,1.13,2.25
08.04.2013 00:43:32.570,1.53417,1.53401,1.13,2.63
08.04.2013 00:43:33.099,1.53417,1.53401,1.13,2.63
08.04.2013 00:43:33.621,1.53417,1.53401,1.13,1.13
08.04.2013 00:43:33.980,1.53417,1.53398,2.63,3.00
08.04.2013 00:43:36.921,1.53415,1.53399,1.28,1.50
08.04.2013 00:43:39.401,1.53417,1.53401,1.88,1.28
08.04.2013 00:43:39.942,1.53417,1.53401,1.28,4.13
08.04.2013 00:43:42.921,1.53419,1.53404,1.88,2.25
08.04.2013 00:43:45.692,1.53419,1.53404,1.88,2.63
08.04.2013 00:43:47.258,1.53419,1.53404,1.88,2.63
08.04.2013 00:43:47.583,1.53423,1.53412,1.88,1.50
08.04.2013 00:43:47.652,1.53423,1.53412,1.65,1.50
08.04.2013 00:43:48.521,1.53424,1.53412,1.13,1.50
08.04.2013 00:43:50.130,1.53424,1.53412,1.13,1.50
08.04.2013 00:43:54.980,1.53424,1.53412,1.13,1.50
08.04.2013 00:43:55.170,1.53422,1.53411,1.13,1.13
08.04.2013 00:43:55.709,1.53422,1.53411,1.13,2.25
08.04.2013 00:44:00.271,1.53422,1.53411,1.13,2.63
08.04.2013 00:44:00.390,1.53422,1.53411,1.13,2.63
08.04.2013 00:44:03.419,1.53422,1.53411,1.13,2.63
08.04.2013 00:44:07.373,1.53422,1.53412,1.13,1.13
08.04.2013 00:44:07.627,1.53426,1.53414,1.88,2.25
08.04.2013 00:44:07.880,1.53426,1.53414,1.50,1.13
08.04.2013 00:44:07.940,1.53426,1.53414,1.50,1.88
08.04.2013 00:44:08.300,1.53429,1.53419,1.13,1.50
08.04.2013 00:44:09.473,1.53429,1.53417,1.13,2.63
08.04.2013 00:44:09.980,1.53429,1.53417,1.13,2.63
08.04.2013 00:44:10.520,1.53429,1.53417,1.13,2.63
08.04.2013 00:44:11.091,1.53429,1.53418,1.13,1.13
08.04.2013 00:44:11.390,1.53429,1.53417,1.13,1.88
08.04.2013 00:44:12.279,1.53429,1.53417,1.13,1.88
08.04.2013 00:44:12.399,1.53429,1.53417,1.13,1.88
08.04.2013 00:44:12.702,1.53433,1.53420,1.28,1.50
08.04.2013 00:44:12.901,1.53434,1.53421,1.13,1.13
08.04.2013 00:44:13.023,1.53436,1.53422,2.25,1.65
08.04.2013 00:44:13.450,1.53439,1.53424,1.50,1.50
08.04.2013 00:44:13.752,1.53442,1.53426,1.88,2.78
08.04.2013 00:44:17.971,1.53443,1.53426,1.13,2.03
08.04.2013 00:44:19.360,1.53443,1.53426,1.13,2.03
08.04.2013 00:44:20.670,1.53443,1.53426,1.13,2.03
08.04.2013 00:44:24.881,1.53443,1.53427,1.13,1.13
08.04.2013 00:44:26.783,1.53443,1.53426,1.50,2.03
08.04.2013 00:44:33.160,1.53443,1.53426,1.28,2.25
08.04.2013 00:44:33.280,1.53443,1.53426,1.50,2.03
08.04.2013 00:44:33.400,1.53443,1.53426,1.28,2.25
08.04.2013 00:44:36.600,1.53442,1.53426,1.65,1.50
08.04.2013 00:44:37.161,1.53444,1.53427,2.29,1.28
08.04.2013 00:44:42.796,1.53442,1.53426,1.50,1.13
08.04.2013 00:44:44.171,1.53443,1.53427,1.13,1.13
08.04.2013 00:44:44.470,1.53443,1.53426,2.25,1.88
08.04.2013 00:44:47.912,1.53441,1.53425,1.50,1.28
08.04.2013 00:44:48.462,1.53439,1.53423,1.50,1.88
08.04.2013 00:44:49.041,1.53439,1.53424,1.50,1.13
08.04.2013 00:44:50.421,1.53439,1.53423,1.50,1.13
08.04.2013 00:44:51.046,1.53439,1.53424,1.50,1.13
08.04.2013 00:44:51.590,1.53439,1.53423,3.75,1.13
08.04.2013 00:44:51.951,1.53432,1.53416,2.03,1.28
08.04.2013 00:44:52.311,1.53423,1.53411,1.50,1.88
08.04.2013 00:44:52.431,1.53423,1.53409,2.63,1.13
08.04.2013 00:44:52.551,1.53420,1.53408,1.50,1.50
08.04.2013 00:44:52.930,1.53419,1.53406,1.88,3.00
08.04.2013 00:44:53.469,1.53419,1.53406,1.88,3.00
08.04.2013 00:44:55.059,1.53419,1.53406,1.88,3.00
08.04.2013 00:44:57.879,1.53420,1.53406,1.50,3.00
08.04.2013 00:44:58.660,1.53421,1.53406,1.50,3.75
08.04.2013 00:44:58.840,1.53423,1.53407,1.13,1.50
08.04.2013 00:45:01.190,1.53423,1.53407,1.13,1.13
08.04.2013 00:45:02.230,1.53424,1.53408,1.88,1.13
08.04.2013 00:45:02.351,1.53424,1.53408,1.13,1.50
08.04.2013 00:45:03.210,1.53427,1.53413,1.13,1.50
08.04.2013 00:45:06.021,1.53427,1.53413,1.13,2.25
08.04.2013 00:45:07.064,1.53428,1.53414,1.13,1.50
08.04.2013 00:45:07.191,1.53427,1.53411,1.13,1.88
08.04.2013 00:45:07.371,1.53428,1.53411,1.13,1.13
08.04.2013 00:45:07.432,1.53425,1.53410,1.13,1.13
08.04.2013 00:45:07.734,1.53421,1.53409,1.28,1.88
08.04.2013 00:45:08.281,1.53420,1.53408,1.28,2.25
08.04.2013 00:45:09.351,1.53421,1.53408,1.28,2.25
08.04.2013 00:45:09.911,1.53421,1.53408,1.28,3.00
08.04.2013 00:45:10.450,1.53421,1.53408,1.28,2.25
08.04.2013 00:45:12.453,1.53421,1.53408,1.28,1.13
08.04.2013 00:45:12.971,1.53421,1.53408,1.28,1.50
08.04.2013 00:45:13.525,1.53421,1.53408,1.28,1.13
08.04.2013 00:45:13.952,1.53423,1.53408,1.13,1.50
08.04.2013 00:45:17.001,1.53423,1.53408,1.88,1.50
08.04.2013 00:45:17.301,1.53422,1.53408,1.13,1.50
08.04.2013 00:45:17.494,1.53423,1.53408,1.88,1.50
08.04.2013 00:45:22.070,1.53423,1.53406,1.88,1.88
08.04.2013 00:45:22.133,1.53422,1.53405,1.13,2.25
08.04.2013 00:45:24.015,1.53421,1.53405,1.13,1.88
08.04.2013 00:45:24.524,1.53421,1.53405,1.13,1.88
08.04.2013 00:45:25.060,1.53421,1.53405,1.13,1.88
08.04.2013 00:45:25.420,1.53417,1.53404,1.65,1.50
08.04.2013 00:45:25.721,1.53412,1.53403,2.03,3.38
08.04.2013 00:45:26.200,1.53412,1.53403,1.50,3.38
08.04.2013 00:45:27.223,1.53413,1.53403,1.50,3.38
08.04.2013 00:45:27.770,1.53413,1.53403,1.13,3.38
08.04.2013 00:45:28.731,1.53413,1.53403,1.13,3.38
08.04.2013 00:45:33.771,1.53412,1.53403,1.13,3.38
08.04.2013 00:45:34.854,1.53412,1.53403,1.13,3.38
08.04.2013 00:45:42.091,1.53413,1.53403,1.13,3.38
08.04.2013 00:45:56.002,1.53413,1.53403,1.88,3.38
08.04.2013 00:45:56.250,1.53412,1.53403,1.50,3.38
08.04.2013 00:45:57.393,1.53409,1.53402,1.13,1.50
08.04.2013 00:46:00.910,1.53412,1.53399,4.88,1.20
08.04.2013 00:46:06.231,1.53412,1.53403,3.00,3.32
08.04.2013 00:46:06.301,1.53409,1.53402,1.13,1.50
08.04.2013 00:46:07.601,1.53411,1.53403,1.13,1.50
08.04.2013 00:46:08.250,1.53413,1.53403,1.13,3.32
08.04.2013 00:46:20.691,1.53415,1.53403,1.13,4.07
08.04.2013 00:46:20.811,1.53416,1.53402,1.13,1.13
08.04.2013 00:46:20.871,1.53418,1.53402,2.25,1.13
08.04.2013 00:46:21.290,1.53419,1.53402,1.88,1.50
08.04.2013 00:46:22.200,1.53418,1.53402,1.13,1.13
08.04.2013 00:46:22.740,1.53416,1.53402,1.50,1.13
08.04.2013 00:46:24.053,1.53416,1.53400,1.13,1.95
08.04.2013 00:46:24.601,1.53416,1.53400,1.88,1.20
08.04.2013 00:46:31.762,1.53415,1.53399,1.50,2.48
08.04.2013 00:46:31.963,1.53415,1.53400,1.50,1.20
08.04.2013 00:46:32.153,1.53415,1.53399,1.50,1.20
08.04.2013 00:46:32.223,1.53415,1.53398,3.38,1.58
08.04.2013 00:46:32.351,1.53414,1.53398,3.00,1.58
08.04.2013 00:46:32.711,1.53408,1.53394,1.50,1.58
08.04.2013 00:46:33.592,1.53408,1.53392,1.50,2.25
08.04.2013 00:46:33.661,1.53404,1.53392,1.13,1.88
08.04.2013 00:46:33.840,1.53404,1.53388,1.88,1.13
08.04.2013 00:46:33.903,1.53404,1.53386,1.88,1.13
08.04.2013 00:46:33.972,1.53397,1.53385,1.13,1.13
08.04.2013 00:46:34.210,1.53397,1.53385,1.13,1.13
08.04.2013 00:46:34.571,1.53397,1.53382,1.13,1.13
08.04.2013 00:46:50.640,1.53395,1.53382,1.50,1.13
08.04.2013 00:46:52.750,1.53395,1.53382,1.13,1.13
08.04.2013 00:47:02.514,1.53392,1.53380,1.13,1.13
08.04.2013 00:47:02.822,1.53393,1.53379,1.50,1.13
08.04.2013 00:47:03.370,1.53390,1.53373,1.50,1.88
08.04.2013 00:47:04.331,1.53389,1.53375,1.50,1.50
08.04.2013 00:47:04.930,1.53389,1.53376,1.50,1.50
08.04.2013 00:47:05.051,1.53389,1.53377,1.50,1.50
08.04.2013 00:47:06.650,1.53389,1.53374,1.50,1.50
08.04.2013 00:47:06.711,1.53388,1.53370,1.65,1.50
08.04.2013 00:47:06.770,1.53383,1.53369,1.13,1.50
08.04.2013 00:47:06.891,1.53384,1.53370,1.13,1.28
08.04.2013 00:47:07.432,1.53384,1.53370,1.88,1.28
08.04.2013 00:47:07.943,1.53384,1.53370,1.88,1.28
08.04.2013 00:47:08.250,1.53385,1.53370,1.13,1.28
08.04.2013 00:47:13.041,1.53386,1.53370,1.13,1.28
08.04.2013 00:47:18.870,1.53386,1.53370,1.13,1.28
08.04.2013 00:47:31.751,1.53386,1.53369,1.88,2.03
08.04.2013 00:47:33.308,1.53386,1.53370,1.13,1.13
08.04.2013 00:47:38.152,1.53387,1.53370,1.13,1.13
08.04.2013 00:47:38.710,1.53386,1.53370,1.88,1.13
08.04.2013 00:47:39.800,1.53386,1.53370,1.13,1.13
08.04.2013 00:47:46.515,1.53386,1.53370,1.13,1.13
08.04.2013 00:47:56.411,1.53386,1.53370,1.88,1.13
08.04.2013 00:47:57.391,1.53385,1.53368,1.65,1.13
08.04.2013 00:47:57.574,1.53382,1.53366,1.88,1.13
08.04.2013 00:47:57.641,1.53379,1.53366,1.50,1.13
08.04.2013 00:47:57.942,1.53375,1.53362,1.50,1.13
08.04.2013 00:47:58.062,1.53375,1.53358,1.50,1.05
08.04.2013 00:47:58.362,1.53375,1.53357,1.50,1.50
08.04.2013 00:47:58.481,1.53375,1.53360,1.50,1.88
08.04.2013 00:47:59.151,1.53376,1.53360,1.13,2.63
08.04.2013 00:48:05.170,1.53379,1.53363,1.13,1.13
08.04.2013 00:48:06.110,1.53379,1.53363,1.13,1.13
08.04.2013 00:48:11.421,1.53379,1.53362,1.13,1.88
08.04.2013 00:48:11.541,1.53383,1.53366,2.03,1.13
08.04.2013 00:48:18.144,1.53382,1.53365,1.88,1.13
08.04.2013 00:48:21.952,1.53382,1.53365,1.13,1.13
08.04.2013 00:48:26.362,1.53382,1.53365,1.88,1.13
08.04.2013 00:48:37.461,1.53382,1.53365,1.13,1.88
08.04.2013 00:48:38.018,1.53382,1.53365,1.13,1.13
08.04.2013 00:48:39.043,1.53380,1.53363,1.13,1.88
08.04.2013 00:48:39.631,1.53380,1.53363,1.13,1.13
08.04.2013 00:48:39.930,1.53377,1.53361,1.13,2.63
08.04.2013 00:48:40.421,1.53374,1.53358,1.13,2.40
08.04.2013 00:48:40.540,1.53374,1.53358,1.88,1.13
08.04.2013 00:48:40.661,1.53373,1.53356,1.50,2.25
08.04.2013 00:48:40.964,1.53374,1.53356,1.50,1.50
08.04.2013 00:48:42.044,1.53373,1.53354,1.50,3.90
08.04.2013 00:48:42.124,1.53373,1.53354,1.50,3.90
08.04.2013 00:48:52.692,1.53373,1.53356,1.50,1.13
08.04.2013 00:48:53.291,1.53373,1.53356,1.50,1.13
08.04.2013 00:48:59.421,1.53372,1.53356,1.13,1.13
08.04.2013 00:49:00.075,1.53372,1.53356,1.13,1.13
08.04.2013 00:49:02.172,1.53372,1.53355,1.13,1.28
08.04.2013 00:49:03.067,1.53372,1.53355,1.13,1.28
08.04.2013 00:49:03.190,1.53371,1.53355,1.13,1.28
08.04.2013 00:49:03.751,1.53371,1.53355,1.13,1.28
08.04.2013 00:49:04.752,1.53371,1.53355,1.13,1.28
08.04.2013 00:49:05.392,1.53372,1.53356,1.13,1.88
08.04.2013 00:49:05.451,1.53374,1.53358,1.88,1.28
08.04.2013 00:49:09.310,1.53376,1.53359,2.63,1.28
08.04.2013 00:49:20.482,1.53375,1.53359,1.13,1.28
08.04.2013 00:49:29.005,1.53375,1.53360,1.13,1.28
08.04.2013 00:49:29.780,1.53376,1.53358,3.00,1.65
08.04.2013 00:49:35.161,1.53376,1.53362,3.00,1.13
08.04.2013 00:49:42.930,1.53376,1.53362,3.00,1.13
08.04.2013 00:49:45.561,1.53376,1.53360,2.25,1.28
08.04.2013 00:49:46.001,1.53376,1.53360,2.25,1.28
08.04.2013 00:49:48.283,1.53374,1.53360,1.50,1.28
08.04.2013 00:49:48.660,1.53374,1.53362,1.50,1.13
08.04.2013 00:49:54.191,1.53374,1.53360,1.50,1.28
08.04.2013 00:49:54.311,1.53376,1.53358,2.68,1.65
08.04.2013 00:49:54.433,1.53376,1.53360,2.25,1.28
08.04.2013 00:49:54.981,1.53375,1.53360,1.18,1.28
08.04.2013 00:49:55.402,1.53376,1.53358,1.93,2.40
08.04.2013 00:49:55.701,1.53376,1.53360,1.93,1.28
08.04.2013 00:50:12.180,1.53376,1.53362,1.50,1.13
08.04.2013 00:50:12.543,1.53376,1.53359,2.25,1.28
08.04.2013 00:50:12.991,1.53376,1.53359,2.25,1.28
08.04.2013 00:50:17.670,1.53376,1.53362,2.25,1.13
08.04.2013 00:50:25.301,1.53376,1.53361,2.25,1.13
08.04.2013 00:50:25.362,1.53376,1.53362,1.50,1.13
08.04.2013 00:50:25.720,1.53376,1.53360,2.25,1.28
08.04.2013 00:50:30.020,1.53374,1.53358,1.13,1.65
08.04.2013 00:50:31.200,1.53376,1.53358,3.00,1.65
08.04.2013 00:50:36.359,1.53376,1.53361,2.25,1.13
08.04.2013 00:50:50.749,1.53377,1.53362,1.88,1.13
08.04.2013 00:50:53.401,1.53375,1.53360,1.13,1.28
08.04.2013 00:50:58.757,1.53377,1.53362,1.88,1.13
08.04.2013 00:51:06.570,1.53377,1.53362,1.88,1.13
08.04.2013 00:51:15.200,1.53377,1.53363,1.13,1.50
08.04.2013 00:51:15.440,1.53380,1.53365,1.13,2.03
08.04.2013 00:51:15.501,1.53381,1.53367,3.38,1.28
08.04.2013 00:51:15.811,1.53385,1.53372,1.88,1.13
08.04.2013 00:51:16.171,1.53392,1.53379,1.13,1.65
08.04.2013 00:51:16.290,1.53395,1.53381,2.25,1.50
08.04.2013 00:51:16.411,1.53395,1.53384,1.13,1.28
08.04.2013 00:51:16.651,1.53398,1.53383,1.50,2.03
08.04.2013 00:51:16.952,1.53398,1.53383,2.25,1.13
08.04.2013 00:51:17.649,1.53395,1.53379,1.13,3.00
08.04.2013 00:51:17.729,1.53390,1.53380,1.50,1.13
08.04.2013 00:51:18.210,1.53390,1.53377,3.00,2.03
08.04.2013 00:51:30.393,1.53390,1.53378,3.00,1.28
08.04.2013 00:51:32.561,1.53390,1.53378,3.00,1.28
08.04.2013 00:51:35.601,1.53390,1.53379,3.00,1.13
08.04.2013 00:51:37.891,1.53390,1.53379,3.75,1.13
08.04.2013 00:51:40.640,1.53390,1.53379,3.00,1.13
08.04.2013 00:51:43.241,1.53390,1.53378,3.00,1.28
08.04.2013 00:51:46.130,1.53390,1.53378,3.00,1.28
08.04.2013 00:51:47.561,1.53390,1.53377,3.00,2.03
08.04.2013 00:51:48.360,1.53390,1.53378,3.00,1.28
08.04.2013 00:51:48.667,1.53396,1.53382,1.13,1.50
08.04.2013 00:51:50.900,1.53397,1.53382,1.13,2.63
